1516683776,10630.300000000000,0.309504890000
1516683776,10630.300000000000,0.009877610000
1516683779,10630.000000000000,0.007525870000
1516683779,10629.000000000000,0.004507920000
1516683779,10629.000000000000,0.224557650000
1516683779,10630.300000000000,0.097760930000
1516683780,10630.300000000000,0.050044710000
1516683780,10630.300000000000,0.049962610000
1516683781,10630.300000000000,0.317647470000
1516683781,10630.300000000000,0.050087450000
1516683781,10630.300000000000,0.017818420000
1516683781,10630.300000000000,0.049973660000
1516683783,10630.300000000000,0.009921950000
1516683783,10630.300000000000,1.148970390000
1516683783,10630.300000000000,0.049973660000
1516683784,10630.300000000000,0.144036160000
1516683786,10621.200000000000,0.035300000000
1516683786,10621.200000000000,0.035300000000
1516683786,10621.200000000000,0.035300000000
1516683786,10621.000000000000,1.894100000000
1516683786,10629.200000000000,0.031915200000
1516683786,10629.200000000000,0.200780570000
1516683786,10630.300000000000,0.950897150000
1516683786,10630.300000000000,0.004748730000
1516683787,10630.300000000000,0.020000000000
1516683790,10629.200000000000,0.050028250000
1516683792,10629.200000000000,0.077563560000
1516683792,10630.300000000000,0.214400700000
1516683793,10630.300000000000,0.005405140000
1516683794,10630.300000000000,0.010019460000
1516683794,10630.300000000000,0.184837670000
1516683799,10649.900000000000,0.050045440000
1516683802,10649.900000000000,0.049953990000
1516683803,10648.100000000000,0.002500000000
1516683806,10649.900000000000,0.003240000000
1516683807,10650.000000000000,0.571580000000
1516683811,10652.700000000000,0.002730530000
1516683812,10650.000000000000,0.124585730000
1516683821,10650.000000000000,0.146231710000
1516683825,10649.900000000000,0.052848440000
1516683825,10648.100000000000,0.005013080000
1516683828,10637.000000000000,0.025000000000
1516683831,10637.300000000000,0.004700440000
1516683831,10635.800000000000,0.117563130000
1516683834,10642.700000000000,0.009865910000
1516683835,10642.700000000000,0.022798330000
1516683836,10640.400000000000,0.004699070000
1516683837,10642.700000000000,0.006219290000
1516683837,10642.700000000000,0.009871200000
1516683837,10642.500000000000,0.007517030000
1516683838,10642.500000000000,0.009871200000
1516683839,10636.700000000000,0.120186260000
1516683843,10640.000000000000,0.062700000000
1516683846,10642.700000000000,0.093383750000
1516683850,10647.800000000000,0.009000000000
1516683850,10642.700000000000,0.018408520000
1516683851,10648.000000000000,0.277974420000
1516683851,10648.100000000000,0.014534000000
1516683851,10656.500000000000,0.003520000000
1516683853,10656.500000000000,0.050020720000
1516683855,10656.500000000000,0.048160860000
1516683855,10642.700000000000,0.001807970000
1516683857,10642.700000000000,0.007500000000
1516683859,10642.800000000000,0.023000000000
1516683859,10642.700000000000,0.027191160000
1516683868,10642.700000000000,0.049981080000
1516683870,10642.700000000000,0.050025320000
1516683872,10642.700000000000,0.017840110000
1516683873,10642.700000000000,0.050000000000
1516683874,10642.700000000000,0.049763270000
1516683874,10642.700000000000,0.104640190000
1516683875,10642.700000000000,0.049764670000
1516683875,10642.800000000000,0.005417930000
1516683875,10642.700000000000,0.044606670000
1516683879,10642.700000000000,0.280000000000
1516683879,10642.700000000000,0.003168500000
1516683879,10642.700000000000,0.049759790000
1516683880,10642.700000000000,0.005539560000
1516683880,10642.700000000000,0.050020900000
1516683881,10642.700000000000,0.050001910000
1516683882,10642.700000000000,1.996596630000
1516683882,10636.600000000000,0.004700750000
1516683882,10635.800000000000,0.084389710000
1516683882,10635.700000000000,0.100000000000
1516683886,10632.800000000000,0.022748340000
1516683886,10631.000000000000,0.006247890000
1516683886,10630.400000000000,0.022795580000
1516683886,10630.400000000000,0.013265940000
1516683886,10630.300000000000,0.186734060000
1516683887,10630.300000000000,0.121512850000
1516683889,10630.300000000000,0.050000000000
1516683891,10630.300000000000,0.017381150000
1516683891,10630.300000000000,0.126108470000
1516683893,10630.300000000000,0.003931080000
1516683895,10630.300000000000,0.004900000000
1516683897,10630.300000000000,0.106228320000
1516683897,10630.300000000000,0.109792170000
1516683899,10630.300000000000,0.007534050000
1516683900,10630.300000000000,0.003924900000
1516683902,10630.300000000000,0.077115280000
1516683902,10630.300000000000,0.013400000000
1516683902,10630.300000000000,0.031917300000
1516683902,10629.200000000000,0.020000000000
1516683902,10627.300000000000,0.004704860000
1516683910,10613.700000000000,0.003866240000
1516683910,10613.700000000000,0.000844650000
1516683910,10612.000000000000,0.029270000000
1516683912,10601.100000000000,0.005200000000
1516683915,10601.100000000000,0.013811250000
1516683915,10601.000000000000,0.012849940000
1516683916,10601.000000000000,0.487150060000
1516683916,10600.000000000000,0.355239940000
1516683921,10600.000000000000,0.013311850000
1516683921,10600.000000000000,0.013292000000
1516683922,10601.000000000000,0.007005350000
1516683922,10600.000000000000,0.003871040000
1516683923,10600.000000000000,0.013311850000
1516683923,10600.000000000000,0.059116000000
1516683924,10600.000000000000,0.009000000000
1516683925,10600.900000000000,0.023000000000
1516683925,10601.000000000000,0.019644740000
1516683926,10600.000000000000,0.013311850000
1516683926,10600.000000000000,0.013296210000
1516683927,10600.000000000000,0.031333980000
1516683928,10600.000000000000,0.031332360000
1516683928,10600.000000000000,0.112049180000
1516683930,10600.000000000000,0.331533740000
1516683930,10600.000000000000,0.002000000000
1516683930,10600.000000000000,0.166466260000
1516683930,10600.000000000000,0.031332360000
1516683930,10600.000000000000,0.103634500000
1516683930,10600.000000000000,0.500000000000
1516683931,10600.000000000000,0.004740050000
1516683931,10600.000000000000,0.049994710000
1516683933,10600.000000000000,0.005541060000
1516683933,10600.000000000000,0.009914560000
1516683934,10600.000000000000,0.050020730000
1516683935,10600.000000000000,0.022611800000
1516683936,10600.000000000000,0.009922130000
1516683936,10600.000000000000,0.007802000000
1516683937,10600.000000000000,0.045831310000
1516683937,10600.000000000000,0.009907980000
1516683937,10600.000000000000,0.004731570000
1516683938,10600.000000000000,0.010410760000
1516683938,10600.000000000000,0.045944870000
1516683938,10600.000000000000,0.010000000000
1516683938,10600.000000000000,0.041100000000
1516683939,10600.000000000000,0.048856170000
1516683939,10600.000000000000,0.049881700000
1516683940,10600.100000000000,0.006185600000
1516683941,10600.000000000000,0.050018360000
1516683941,10600.000000000000,0.007554870000
1516683941,10600.000000000000,0.124760000000
1516683941,10600.000000000000,0.007566380000
1516683942,10600.000000000000,0.045084460000
1516683943,10600.000000000000,0.010000000000
1516683943,10600.000000000000,0.009445980000
1516683944,10600.000000000000,0.050038000000
1516683944,10600.000000000000,0.040216820000
1516683945,10600.000000000000,0.002934740000
1516683946,10600.000000000000,0.049962620000
1516683946,10600.000000000000,0.050038000000
1516683947,10600.000000000000,0.200000000000
1516683949,10600.000000000000,0.050038000000
1516683949,10600.000000000000,0.049962620000
1516683950,10600.000000000000,0.049962620000
1516683950,10600.000000000000,0.009918500000
1516683950,10600.000000000000,0.049976090000
1516683950,10600.000000000000,0.050038000000
1516683951,10600.000000000000,0.010411070000
1516683952,10600.000000000000,0.005912810000
1516683953,10600.000000000000,0.050013540000
1516683953,10600.000000000000,0.189129000000
1516683953,10600.000000000000,0.099219520000
1516683954,10600.000000000000,0.052016450000
1516683954,10600.000000000000,0.050000000000
1516683955,10600.000000000000,0.067392360000
1516683956,10600.000000000000,0.050019820000
1516683957,10600.000000000000,0.049964440000
1516683959,10600.000000000000,0.009940300000
1516683960,10600.000000000000,0.024594330000
1516683962,10600.000000000000,0.062000000000
1516683962,10600.000000000000,0.626711540000
1516683962,10600.000000000000,0.050058920000
1516683962,10600.000000000000,0.007559630000
1516683962,10600.000000000000,0.742510000000
1516683963,10600.000000000000,0.049964440000
1516683963,10600.000000000000,0.050058920000
1516683963,10600.000000000000,0.024594340000
1516683964,10600.000000000000,0.003855680000
1516683965,10600.000000000000,0.050014190000
1516683965,10600.000000000000,0.049941610000
1516683965,10600.000000000000,0.060000000000
1516683965,10600.000000000000,0.049941610000
1516683967,10600.000000000000,0.050000000000
1516683967,10600.000000000000,0.050044400000
1516683968,10600.000000000000,0.050000000000
1516683969,10600.000000000000,0.104867920000
1516683973,10600.000000000000,0.005826950000
1516683974,10600.000000000000,0.052105680000
1516683974,10600.000000000000,0.003855040000
1516683976,10600.000000000000,0.004600000000
1516683976,10600.000000000000,0.007559360000
1516683976,10600.000000000000,0.049155550000
1516683976,10600.000000000000,0.040000000000
1516683976,10599.000000000000,0.280000000000
1516683979,10576.500000000000,0.023000000000
1516683979,10576.400000000000,0.007554580000
1516683979,10575.000000000000,0.010000000000
1516683979,10571.600000000000,0.037000000000
1516683979,10569.600000000000,0.012577650000
1516683979,10569.500000000000,0.123430620000
1516683979,10555.000000000000,0.086437150000
1516683984,10597.100000000000,0.023000000000
1516683984,10597.200000000000,0.092661140000
1516683984,10598.900000000000,0.084338860000
1516683997,10568.400000000000,0.023000000000
1516683997,10568.300000000000,1.005390000000
1516683999,10576.500000000000,0.004745970000
1516683999,10598.800000000000,0.014587000000
1516683999,10599.000000000000,0.086707340000
1516684005,10598.600000000000,0.023000000000
1516684005,10598.700000000000,0.077586320000
1516684007,10577.000000000000,0.052231550000
1516684009,10576.500000000000,0.000261210000
1516684009,10576.500000000000,0.005000000000
1516684009,10576.500000000000,0.005004880000
1516684009,10572.500000000000,0.035733910000
1516684013,10569.800000000000,0.005000000000
1516684017,10575.900000000000,0.004867560000
1516684021,10575.900000000000,0.056724460000
1516684022,10575.900000000000,0.055087170000
1516684024,10577.000000000000,0.007101140000
1516684024,10575.900000000000,0.075993790000
1516684024,10574.900000000000,0.224006210000
1516684029,10576.900000000000,0.007563650000
1516684029,10574.900000000000,0.040000000000
1516684030,10575.900000000000,0.003858880000
1516684033,10576.000000000000,0.003008470000
1516684035,10576.000000000000,0.004560010000
1516684043,10576.000000000000,0.000439990000
1516684043,10574.900000000000,0.003418890000
1516684046,10574.900000000000,0.020982660000
1516684046,10574.900000000000,0.013591020000
1516684047,10574.900000000000,0.009909900000
1516684047,10574.900000000000,0.013619480000
1516684048,10574.900000000000,0.007105690000
1516684048,10574.900000000000,0.009909900000
1516684050,10574.900000000000,0.009909900000
1516684051,10574.900000000000,0.003107090000
1516684057,10574.100000000000,0.004728530000
1516684059,10555.000000000000,0.135562850000
1516684059,10550.200000000000,0.016123220000
1516684059,10550.000000000000,0.900000000000
1516684059,10550.000000000000,0.100000000000
1516684059,10549.000000000000,0.005000000000
1516684059,10548.900000000000,0.006104620000
1516684059,10549.000000000000,0.023000000000
1516684059,10548.900000000000,0.001895380000
1516684067,10547.900000000000,0.141734370000
1516684067,10545.000000000000,0.002000000000
1516684067,10543.000000000000,0.095227200000
1516684067,10540.000000000000,0.119232580000
1516684067,10528.800000000000,0.179020760000
1516684067,10528.700000000000,0.005294000000
1516684067,10502.000000000000,0.457491090000
1516684074,10517.800000000000,0.004887390000
1516684076,10516.300000000000,0.007607240000
1516684076,10516.300000000000,0.007607240000
1516684076,10516.300000000000,0.007607240000
1516684076,10503.000000000000,0.257178280000
1516684076,10517.800000000000,0.010016760000
1516684077,10517.800000000000,0.050000000000
1516684077,10517.700000000000,0.023000000000
1516684077,10517.800000000000,0.027065850000
1516684080,10517.800000000000,0.005813910000
1516684080,10517.800000000000,0.050071230000
1516684081,10517.800000000000,0.052144860000
1516684086,10517.800000000000,0.138009140000
1516684086,10502.100000000000,0.020815610000
1516684086,10502.000000000000,0.461175250000
1516684090,10547.900000000000,0.050000000000
1516684101,10510.000000000000,0.009940810000
1516684102,10510.000000000000,0.005813910000
1516684104,10509.900000000000,0.009940810000
1516684105,10509.900000000000,0.009940810000
1516684107,10509.900000000000,0.045728590000
1516684107,10509.900000000000,0.144568410000
1516684107,10509.900000000000,0.016385410000
1516684108,10509.900000000000,0.004800000000
1516684108,10509.900000000000,0.005470760000
1516684110,10509.900000000000,0.005696410000
1516684110,10509.900000000000,0.001934090000
1516684110,10509.900000000000,0.008361750000
1516684112,10510.000000000000,0.084095650000
1516684112,10510.000000000000,0.009940910000
1516684112,10509.900000000000,0.008400000000
1516684112,10509.900000000000,0.003491710000
1516684113,10509.900000000000,0.003500000000
1516684113,10509.900000000000,0.045563430000
1516684113,10502.100000000000,0.004424940000
1516684113,10502.100000000000,0.008395050000
1516684113,10510.000000000000,0.050087660000
1516684114,10502.000000000000,0.050000000000
1516684114,10502.000000000000,0.008395050000
1516684114,10502.000000000000,0.004600490000
1516684117,10502.000000000000,0.008378370000
1516684117,10502.000000000000,0.049988370000
1516684118,10502.000000000000,0.105971380000
1516684118,10500.000000000000,0.676578640000
1516684118,10500.000000000000,0.500000000000
1516684118,10500.000000000000,0.225000000000
1516684118,10500.000000000000,0.005000000000
1516684118,10500.000000000000,0.010200000000
1516684118,10500.000000000000,0.005000000000
1516684118,10500.000000000000,0.008825000000
1516684118,10500.000000000000,0.016175000000
1516684118,10500.000000000000,0.100000000000
1516684118,10500.000000000000,0.347249980000
1516684119,10500.000000000000,0.122750020000
1516684119,10500.000000000000,0.077249980000
1516684124,10500.000000000000,0.050000090000
1516684126,10500.000000000000,0.050016500000
1516684126,10500.000000000000,0.050000000000
1516684127,10500.200000000000,0.004810240000
1516684127,10500.000000000000,0.028923430000
1516684127,10500.000000000000,0.021076660000
1516684129,10500.000000000000,0.050343000000
1516684130,10500.200000000000,0.002812630000
1516684130,10502.000000000000,0.020108870000
1516684134,10500.000000000000,0.002849820000
1516684134,10500.000000000000,0.025730520000
1516684134,10500.000000000000,0.038090000000
1516684134,10494.400000000000,0.136179480000
1516684140,10494.400000000000,0.003864960000
1516684140,10494.400000000000,0.050000000000
1516684145,10494.400000000000,0.050024780000
1516684146,10494.400000000000,0.050000000000
1516684146,10495.000000000000,0.007640550000
1516684146,10500.000000000000,0.046677580000
1516684146,10500.700000000000,0.004778440000
1516684146,10502.000000000000,0.029891130000
1516684146,10502.000000000000,0.080789090000
1516684146,10504.600000000000,0.004775950000
1516684146,10504.600000000000,0.004774320000
1516684146,10507.700000000000,0.005672940000
1516684149,10494.400000000000,0.003865280000
1516684151,10494.500000000000,0.023000000000
1516684151,10494.400000000000,0.005192000000
1516684152,10494.400000000000,0.050000000000
1516684154,10494.400000000000,0.050000000000
1516684156,10494.400000000000,0.051790010000
1516684157,10494.400000000000,0.069086490000
1516684157,10450.000000000000,0.100000000000
1516684157,10441.000000000000,0.104500000000
1516684157,10419.400000000000,0.095500000000
1516684158,10419.400000000000,0.003864960000
1516684160,10419.400000000000,0.003220000000
1516684164,10494.300000000000,0.023000000000
1516684164,10494.300000000000,0.000820000000
1516684190,10452.600000000000,0.004783500000
1516684190,10443.100000000000,0.023000000000
1516684190,10443.000000000000,0.345616500000
1516684198,10457.200000000000,0.020200000000
1516684198,10457.200000000000,0.020200000000
1516684198,10457.200000000000,0.009726670000
1516684199,10455.900000000000,0.007651180000
1516684201,10457.300000000000,0.023000000000
1516684201,10457.400000000000,0.200000000000
1516684201,10484.900000000000,2.197000000000
1516684202,10442.100000000000,0.003870080000
1516684207,10442.100000000000,0.009000000000
1516684209,10442.100000000000,0.030000000000
1516684214,10442.100000000000,0.006987060000
1516684214,10423.000000000000,1.138000000000
1516684215,10421.300000000000,1.177213970000
1516684215,10421.300000000000,0.023000000000
1516684215,10421.300000000000,0.003409110000
1516684217,10421.300000000000,0.004300000000
1516684220,10421.200000000000,0.003873920000
1516684221,10421.200000000000,0.000923990000
1516684221,10421.100000000000,0.006776010000
1516684221,10421.100000000000,0.007700000000
1516684221,10421.300000000000,2.647089860000
1516684221,10443.500000000000,0.007668810000
1516684221,10455.800000000000,0.001249370000
1516684221,10423.000000000000,0.007700000000
1516684221,10423.000000000000,0.007700000000
1516684224,10422.000000000000,0.781760000000
1516684226,10422.000000000000,0.023000000000
1516684233,10455.800000000000,0.361114760000
1516684236,10457.400000000000,0.004820480000
1516684238,10457.400000000000,0.074368760000
1516684238,10457.400000000000,0.147482620000
1516684240,10457.400000000000,0.010059630000
1516684240,10457.400000000000,0.119349220000
1516684240,10421.300000000000,0.007676590000
1516684240,10421.300000000000,0.007676590000
1516684240,10421.300000000000,0.007676590000
1516684240,10420.100000000000,0.028895460000
1516684240,10416.000000000000,0.300000000000
1516684240,10415.000000000000,0.033020000000
1516684242,10415.000000000000,0.005982030000
1516684242,10415.000000000000,0.009000000000
1516684243,10415.000000000000,0.007681230000
1516684243,10415.000000000000,0.339538050000
1516684246,10414.800000000000,0.007800000000
1516684246,10414.800000000000,0.007800000000
1516684246,10414.800000000000,0.007800000000
1516684246,10414.800000000000,0.001600000000
1516684247,10415.000000000000,0.097415040000
1516684250,10415.000000000000,0.007681230000
1516684256,10415.000000000000,0.062900000000
1516684256,10415.000000000000,0.049996960000
1516684258,10415.000000000000,0.050067240000
1516684259,10415.000000000000,0.007681230000
1516684259,10415.000000000000,0.049999040000
1516684261,10415.000000000000,0.250413500000
1516684266,10423.000000000000,0.004820480000
1516684268,10423.000000000000,0.021279520000
1516684275,10424.000000000000,0.300000000000
1516684275,10423.100000000000,0.023000000000
1516684275,10423.000000000000,0.005724520000
1516684275,10423.000000000000,0.027008210000
1516684275,10422.200000000000,0.007675920000
1516684275,10416.700000000000,0.790741350000
1516684284,10416.800000000000,0.300000000000
1516684292,10450.100000000000,0.004814950000
1516684294,10457.200000000000,0.023000000000
1516684294,10457.300000000000,0.080000000000
1516684294,10457.300000000000,0.116326370000
1516684294,10457.400000000000,0.049963330000
1516684294,10457.400000000000,0.130000000000
1516684294,10457.400000000000,0.049963330000
1516684294,10457.400000000000,0.010694000000
1516684294,10457.400000000000,0.003410000000
1516684294,10457.400000000000,0.003050000000
1516684294,10458.600000000000,0.007655730000
1516684294,10473.200000000000,0.022748340000
1516684297,10483.000000000000,0.004799720000
1516684298,10483.000000000000,0.002017400000
1516684298,10483.000000000000,0.050088610000
1516684298,10483.000000000000,0.050000000000
1516684298,10483.000000000000,0.031161890000
1516684299,10483.000000000000,0.049891790000
1516684299,10483.000000000000,0.050068820000
1516684301,10483.000000000000,0.012475310000
1516684302,10483.000000000000,0.026253420000
1516684303,10483.100000000000,0.049893000000
1516684304,10483.100000000000,0.049858440000
1516684304,10483.100000000000,0.049844440000
1516684304,10483.100000000000,0.025000000000
1516684308,10483.100000000000,0.049599000000
1516684310,10483.100000000000,0.050000000000
1516684311,10483.200000000000,0.007644620000
1516684311,10484.100000000000,0.007644660000
1516684312,10484.100000000000,0.049599000000
1516684312,10486.900000000000,0.012479850000
1516684314,10486.900000000000,0.004820780000
1516684314,10486.900000000000,0.049856530000
1516684314,10486.900000000000,0.050037210000
1516684314,10486.900000000000,0.012479850000
1516684314,10486.900000000000,0.003691250000
1516684316,10486.900000000000,0.049880770000
1516684316,10486.900000000000,0.023907190000
1516684317,10486.900000000000,0.050017330000
1516684317,10486.900000000000,0.050045930000
1516684325,10485.800000000000,0.050000000000
1516684326,10485.800000000000,0.050030500000
1516684326,10485.800000000000,0.050000000000
1516684326,10485.800000000000,0.050000000000
1516684326,10485.800000000000,0.050030500000
1516684326,10485.800000000000,0.050000000000
1516684330,10485.800000000000,0.041725000000
1516684330,10485.800000000000,0.049830870000
1516684330,10485.800000000000,0.050000000000
1516684332,10486.900000000000,0.049834340000
1516684332,10486.900000000000,0.050052390000
1516684332,10486.900000000000,0.050000000000
1516684332,10486.900000000000,0.050054500000
1516684333,10487.300000000000,0.050023670000
1516684337,10487.300000000000,0.050000000000
1516684349,10488.000000000000,0.007640590000
1516684349,10494.400000000000,0.101913510000
1516684349,10495.800000000000,0.007628490000
1516684349,10516.900000000000,0.003681150000
1516684349,10516.900000000000,0.003050000000
1516684349,10529.500000000000,0.072735820000
1516684349,10539.600000000000,0.803350440000
1516684349,10485.900000000000,0.050000000000
1516684351,10500.000000000000,0.100000000000
1516684353,10500.000000000000,0.003512010000
1516684355,10500.000000000000,0.096487990000
1516684355,10497.000000000000,0.023000000000
1516684358,10504.000000000000,0.002000000000
1516684360,10486.000000000000,0.042186010000
1516684363,10486.000000000000,0.016011000000
1516684366,10486.000000000000,0.021802990000
1516684366,10483.100000000000,0.028197010000
1516684371,10455.200000000000,0.140831580000
1516684373,10444.500000000000,0.002000000000
1516684377,10455.100000000000,0.023000000000
1516684377,10455.200000000000,0.059168420000
1516684377,10462.000000000000,0.494831580000
1516684377,10454.000000000000,0.006418420000
1516684380,10480.000000000000,0.007673080000
1516684386,10480.000000000000,0.092326920000
1516684386,10483.100000000000,0.050000000000
1516684386,10486.900000000000,0.053653470000
1516684386,10499.900000000000,0.009000000000
1516684388,10477.000000000000,0.064888280000
1516684388,10477.000000000000,0.018111720000
1516684389,10477.000000000000,0.031995020000
1516684389,10499.900000000000,0.003534340000
1516684391,10454.200000000000,0.023000000000
1516684391,10454.100000000000,0.223000000000
1516684394,10454.200000000000,0.030000000000
1516684394,10454.100000000000,0.111167120000
1516684394,10454.000000000000,0.001234150000
1516684394,10445.000000000000,0.857598730000
1516684402,10445.100000000000,0.027991960000
1516684402,10444.400000000000,0.078989690000
1516684403,10439.400000000000,0.022748340000
1516684410,10437.100000000000,0.014041440000
1516684417,10416.000000000000,0.152115350000
1516684418,10423.000000000000,0.004814800000
1516684418,10433.100000000000,0.005185200000
1516684428,10416.000000000000,0.010000000000
1516684429,10416.000000000000,0.003862400000
1516684429,10416.000000000000,0.012110700000
1516684431,10416.000000000000,0.021801550000
1516684432,10413.900000000000,0.009000000000
1516684434,10411.100000000000,0.010000000000
1516684440,10410.100000000000,0.020230000000
1516684440,10404.000000000000,0.029270000000
1516684445,10404.000000000000,0.001500000000
1516684445,10410.200000000000,0.004825830000
1516684445,10410.300000000000,0.003674170000
1516684449,10408.900000000000,0.010000000000
1516684451,10402.700000000000,0.004806440000
1516684451,10400.100000000000,0.014199540000
1516684451,10400.000000000000,0.033700020000
1516684485,10400.000000000000,0.117333050000
1516684488,10400.000000000000,0.018891720000
1516684488,10400.100000000000,0.015000000000
1516684488,10402.700000000000,0.005000000000
1516684488,10400.000000000000,0.157765210000
1516684488,10400.000000000000,0.002000000000
1516684490,10395.200000000000,0.007302280000
1516684490,10375.200000000000,0.002697720000
1516684491,10400.000000000000,0.014999930000
1516684492,10375.300000000000,0.010000000000
1516684492,10400.000000000000,0.015004220000
1516684495,10394.100000000000,0.002000000000
1516684495,10375.000000000000,0.002000000000
1516684495,10351.000000000000,0.006000000000
1516684505,10388.600000000000,0.050130230000
1516684509,10388.200000000000,0.007701050000
1516684509,10375.200000000000,0.009558140000
1516684509,10351.000000000000,0.004959670000
1516684509,10351.000000000000,0.003863360000
1516684513,10389.600000000000,0.010106260000
1516684513,10389.600000000000,0.050093680000
1516684513,10389.600000000000,0.139800060000
1516684515,10389.600000000000,0.060283860000
1516684516,10389.700000000000,0.002000000000
1516684516,10389.600000000000,0.004757390000
1516684520,10389.600000000000,0.060000000000
1516684520,10389.600000000000,0.018900000000
1516684520,10389.600000000000,0.049908690000
1516684520,10389.600000000000,0.007480300000
1516684524,10398.900000000000,0.059773660000
1516684524,10399.900000000000,0.002000000000
1516684524,10400.000000000000,0.018891720000
1516684524,10400.000000000000,0.500000000000
1516684524,10400.000000000000,0.031800000000
1516684524,10400.000000000000,0.387534620000
1516684530,10400.000000000000,0.193905380000
1516684530,10400.000000000000,0.018900000000
1516684530,10404.200000000000,0.022748340000
1516684530,10410.100000000000,0.139446280000
1516684534,10410.100000000000,0.002000000000
1516684534,10400.000000000000,0.049972670000
1516684536,10399.000000000000,0.009615380000
1516684536,10399.000000000000,0.132272400000
1516684536,10410.100000000000,0.858553720000
1516684536,10410.300000000000,0.005284390000
1516684536,10410.400000000000,0.004818320000
1516684536,10414.300000000000,0.002664670000
1516684536,10419.700000000000,0.004816690000
1516684536,10430.600000000000,0.290000000000
1516684536,10430.800000000000,3.701589810000
1516684551,10389.900000000000,0.002000000000
1516684553,10389.900000000000,0.021000000000
1516684553,10389.600000000000,0.050101260000
1516684553,10389.600000000000,0.050101260000
1516684553,10389.600000000000,0.049995350000
1516684553,10389.600000000000,0.028802130000
1516684565,10396.600000000000,0.004809260000
1516684568,10396.600000000000,0.000190740000
1516684568,10396.600000000000,0.004617510000
1516684590,10396.500000000000,0.023000000000
1516684595,10396.400000000000,0.007694970000
1516684595,10394.300000000000,0.004810330000
1516684596,10394.300000000000,0.002608320000
1516684607,10392.800000000000,0.007697640000
1516684613,10389.600000000000,0.091432540000
1516684613,10388.600000000000,0.003860000000
1516684613,10362.500000000000,0.022748340000
1516684613,10362.400000000000,0.030959120000
1516684617,10362.400000000000,0.037309980000
1516684618,10381.000000000000,0.050023600000
1516684619,10381.000000000000,0.059033650000
1516684623,10374.800000000000,0.004819370000
1516684623,10362.500000000000,0.023000000000
1516684623,10362.400000000000,0.055298100000
1516684625,10380.000000000000,0.004000000000
1516684626,10380.000000000000,0.049955210000
1516684626,10380.000000000000,0.049981240000
1516684626,10363.600000000000,0.023000000000
1516684637,10380.400000000000,0.003559120000
1516684640,10375.000000000000,0.053432880000
1516684640,10374.500000000000,0.004819510000
1516684640,10351.900000000000,0.003747610000
1516684645,10380.400000000000,0.019189220000
1516684648,10380.500000000000,0.049967390000
1516684648,10380.400000000000,0.000697780000
1516684651,10380.400000000000,0.003402220000
1516684651,10380.500000000000,0.034677540000
1516684651,10381.000000000000,0.011885870000
1516684652,10381.000000000000,0.050008670000
1516684659,10380.300000000000,0.007999640000
1516684665,10380.100000000000,0.034829780000
1516684665,10380.300000000000,0.015170220000
1516684668,10380.300000000000,0.049973700000
1516684669,10380.300000000000,0.049999280000
1516684674,10380.000000000000,0.003773330000
1516684682,10361.700000000000,0.004840340000
1516684688,10369.800000000000,0.050020310000
1516684689,10369.800000000000,0.049980470000
1516684693,10361.700000000000,0.022641880000
1516684694,10361.700000000000,0.034360820000
1516684694,10361.700000000000,0.004100000000
1516684705,10361.700000000000,0.020000000000
1516684708,10361.700000000000,0.002624360000
1516684708,10361.700000000000,0.002370640000
1516684708,10360.700000000000,0.007721490000
1516684708,10356.100000000000,0.091939630000
1516684709,10361.700000000000,0.020271240000
1516684709,10364.400000000000,0.000039260000
1516684715,10356.100000000000,0.031203210000
1516684715,10351.000000000000,0.081776970000
1516684715,10350.100000000000,0.008810440000
1516684715,10350.000000000000,0.080000000000
1516684715,10350.000000000000,0.002000000000
1516684715,10350.000000000000,0.693300000000
1516684715,10347.200000000000,0.022748340000
1516684715,10340.100000000000,1.938000000000
1516684715,10326.800000000000,0.142161040000
1516684719,10364.400000000000,0.002650890000
1516684735,10349.100000000000,0.023000000000
1516684735,10349.000000000000,0.100000000000
1516684747,10346.200000000000,0.022978660000
1516684750,10346.200000000000,0.000021340000
1516684750,10346.300000000000,0.049864090000
1516684751,10346.300000000000,0.027135910000
1516684751,10349.100000000000,0.002864090000
1516684755,10349.100000000000,0.004460780000
1516684755,10359.400000000000,0.005687770000
1516684756,10359.400000000000,0.011783000000
1516684756,10359.400000000000,0.005000000000
1516684756,10359.400000000000,0.000277570000
1516684756,10364.200000000000,0.004779740000
1516684759,10364.200000000000,0.104000000000
1516684764,10362.700000000000,0.003363610000
1516684767,10364.100000000000,0.084745970000
1516684770,10364.400000000000,0.002151750000
1516684770,10364.400000000000,0.004840100000
1516684771,10365.000000000000,0.004999990000
1516684775,10374.500000000000,0.010000000000
1516684777,10364.300000000000,0.009271030000
1516684786,10374.500000000000,0.018443090000
1516684786,10365.200000000000,0.022790280000
1516684789,10365.200000000000,0.040000000000
1516684789,10365.200000000000,0.052289330000
1516684791,10372.900000000000,0.009271030000
1516684791,10375.000000000000,0.008411940000
1516684791,10379.900000000000,0.004836810000
1516684791,10390.600000000000,0.047107220000
1516684796,10390.600000000000,0.111481230000
1516684796,10381.800000000000,0.004816120000
1516684796,10380.500000000000,0.005583880000
1516684797,10380.500000000000,0.000079160000
1516684797,10364.200000000000,0.070769420000
1516684797,10362.700000000000,0.004356390000
1516684797,10362.200000000000,0.124795030000
1516684797,10382.700000000000,0.007716250000
1516684797,10390.600000000000,0.094995940000
1516684797,10394.100000000000,0.039697620000
1516684797,10394.300000000000,0.076000000000
1516684797,10400.000000000000,0.007700690000
1516684797,10400.000000000000,0.050000000000
1516684798,10418.800000000000,0.010132980000
1516684802,10410.000000000000,0.011965200000
1516684802,10410.000000000000,0.060000000000
1516684802,10410.000000000000,0.011011410000
1516684803,10410.000000000000,1.177106580000
1516684803,10410.000000000000,0.163765600000
1516684803,10410.000000000000,0.050000000000
1516684803,10410.000000000000,0.066457540000
1516684803,10410.000000000000,0.010117120000
1516684803,10410.100000000000,0.023000000000
1516684803,10410.000000000000,0.004619000000
1516684805,10410.000000000000,0.010115550000
1516684806,10410.000000000000,0.050000000000
1516684806,10410.000000000000,0.011827460000
1516684807,10410.000000000000,0.030000000000
1516684808,10410.000000000000,0.010108650000
1516684808,10410.000000000000,0.003864640000
1516684810,10411.000000000000,0.007692690000
1516684810,10420.300000000000,0.004820300000
1516684810,10420.300000000000,0.004827550000
1516684810,10420.300000000000,0.004813950000
1516684810,10420.300000000000,0.004826490000
1516684810,10420.300000000000,0.004822800000
1516684810,10447.200000000000,0.009000000000
1516684810,10451.900000000000,0.004171170000
1516684810,10454.200000000000,0.002000000000
1516684810,10460.700000000000,1.926000000000
1516684810,10470.000000000000,0.004100000000
1516684810,10476.300000000000,2.145925050000
1516684810,10410.000000000000,0.050011510000
1516684811,10410.000000000000,0.004821040000
1516684811,10410.000000000000,0.050011800000
1516684811,10410.000000000000,0.050000000000
1516684811,10449.300000000000,0.050000000000
1516684811,10410.000000000000,0.050011800000
1516684813,10410.000000000000,0.123279570000
1516684813,10402.100000000000,0.093410430000
1516684815,10402.200000000000,0.004829870000
1516684818,10409.900000000000,0.023000000000
1516684818,10410.000000000000,0.050000000000
1516684818,10410.000000000000,0.030000000000
1516684818,10412.500000000000,0.002000000000
1516684818,10413.900000000000,0.076845260000
1516684823,10432.100000000000,0.004810960000
1516684823,10432.100000000000,0.004815920000
1516684823,10432.100000000000,0.004811990000
1516684823,10475.000000000000,0.985561130000
1516684826,10469.000000000000,0.100000000000
1516684826,10474.900000000000,0.004829870000
1516684826,10474.900000000000,0.030000000000
1516684826,10474.900000000000,0.060000000000
1516684826,10475.300000000000,0.008342350000
1516684826,10478.600000000000,0.317827780000
1516684828,10416.100000000000,0.004882560000
1516684828,10478.500000000000,0.022962980000
1516684870,10478.200000000000,0.023035000000
1516684870,10478.300000000000,0.030000000000
1516684870,10478.300000000000,0.030000000000
1516684870,10478.300000000000,0.030000000000
1516684870,10478.400000000000,0.000465000000
1516684896,10456.000000000000,0.140556800000
1516684897,10478.300000000000,0.020567290000
1516684897,10478.400000000000,0.033302410000
1516684897,10478.400000000000,0.100000000000
1516684898,10478.400000000000,0.011689070000
1516684900,10478.400000000000,0.050000000000
1516684901,10478.400000000000,0.030000000000
1516684901,10478.400000000000,0.170078950000
1516684905,10479.400000000000,0.004771270000
1516684905,10478.500000000000,0.045228730000
1516684912,10479.900000000000,0.004794830000
1516684913,10479.700000000000,0.003884800000
1516684918,10482.600000000000,0.007631690000
1516684918,10481.100000000000,0.019000000000
1516684927,10482.200000000000,0.004777740000
1516684929,10482.600000000000,0.000368310000
1516684929,10482.700000000000,0.004794730000
1516684929,10482.900000000000,0.003985300000
1516684929,10483.100000000000,0.025714000000
1516684929,10500.000000000000,0.165137660000
1516684937,10500.000000000000,0.034752340000
1516684937,10549.900000000000,0.012657460000
1516684937,10560.000000000000,0.052590200000
1516684940,10517.000000000000,0.020000000000
1516684943,10517.000000000000,0.143400000000
1516684945,10483.800000000000,0.010000000000
1516684946,10483.800000000000,0.013000000000
1516684946,10483.700000000000,0.013986300000
1516684946,10483.200000000000,0.030000000000
1516684946,10483.100000000000,0.008193700000
1516684947,10516.900000000000,0.008336000000
1516684948,10517.000000000000,0.001664000000
1516684949,10517.000000000000,0.009961100000
1516684949,10517.000000000000,0.050166180000
1516684951,10515.900000000000,0.007607530000
1516684951,10514.500000000000,0.010000000000
1516684954,10513.300000000000,0.004755880000
1516684954,10505.900000000000,0.004759230000
1516684954,10500.000000000000,0.170484890000
1516684954,10514.500000000000,0.022400000000
1516684954,10514.500000000000,0.759992470000
1516684954,10516.900000000000,0.005938940000
1516684955,10514.500000000000,0.020624150000
1516684955,10511.500000000000,0.002828000000
1516684955,10511.500000000000,0.167298850000
1516684955,10516.900000000000,0.017061060000
1516684955,10517.000000000000,0.140102590000
1516684956,10517.000000000000,0.049916530000
1516684957,10517.000000000000,0.010000000000
1516684957,10517.000000000000,0.050000000000
1516684957,10517.000000000000,0.050075290000
1516684958,10513.300000000000,0.005000000000
1516684960,10515.300000000000,0.002607960000
1516684960,10506.000000000000,0.004759190000
1516684960,10500.100000000000,0.158261940000
1516684960,10500.000000000000,0.156370910000
1516684960,10516.800000000000,0.010000000000
1516684961,10516.800000000000,0.050075290000
1516684961,10516.800000000000,0.005938930000
1516684962,10500.100000000000,0.009013940000
1516684962,10500.000000000000,0.511986060000
1516684962,10511.000000000000,0.050032730000
1516684964,10516.400000000000,0.010000000000
1516684964,10500.000000000000,0.050000000000
1516684965,10506.000000000000,0.004758600000
1516684965,10500.100000000000,0.023000000000
1516684965,10500.000000000000,0.073938780000
1516684971,10502.700000000000,0.004760680000
1516684972,10500.000000000000,0.807219360000
1516684972,10500.000000000000,0.559500000000
1516684972,10482.800000000000,0.033280640000
1516684973,10502.700000000000,0.000239320000
1516684973,10505.900000000000,0.023000000000
1516684973,10506.000000000000,0.001674050000
1516684973,10506.000000000000,0.006426060000
1516684973,10515.300000000000,0.003000000000
1516684973,10515.300000000000,0.003002540000
1516684973,10516.600000000000,0.009106720000
1516684973,10517.000000000000,0.474714310000
1516684973,10517.000000000000,0.003340000000
1516684974,10517.000000000000,0.123854510000
1516684974,10517.000000000000,0.100242490000
1516684976,10514.100000000000,0.203498560000
1516684978,10514.100000000000,0.003012140000
1516684978,10483.800000000000,0.005000000000
1516684979,10483.900000000000,0.179727210000
1516684979,10483.800000000000,0.018115770000
1516684980,10511.100000000000,0.007611000000
1516684980,10503.900000000000,0.004760140000
1516684980,10483.800000000000,1.132265030000
1516684980,10482.700000000000,0.004871030000
1516684980,10482.100000000000,0.004770040000
1516684980,10479.700000000000,0.000886330000
1516684980,10479.400000000000,0.004771270000
1516684980,10469.200000000000,0.009778930000
1516684981,10469.200000000000,0.011288120000
1516684984,10469.200000000000,0.002838050000
1516684986,10469.300000000000,0.023000000000
1516684986,10469.300000000000,0.329083490000
1516684986,10469.200000000000,0.076094900000
1516684986,10456.200000000000,0.130000000000
1516684986,10443.000000000000,0.040000000000
1516684986,10442.900000000000,0.016823640000
1516684986,10439.500000000000,0.092444680000
1516684986,10437.600000000000,0.002000000000
1516684986,10423.600000000000,0.290553290000
1516684987,10469.300000000000,0.003520970000
1516684987,10495.100000000000,2.025000000000
1516684987,10495.100000000000,0.004863410000
1516684989,10495.100000000000,0.002410230000
1516684990,10486.500000000000,0.004768040000
1516684990,10469.300000000000,0.026479030000
1516684990,10469.300000000000,0.030000000000
1516684993,10463.300000000000,0.050010930000
1516684996,10463.100000000000,0.003012040000
1516684996,10462.300000000000,0.004838820000
1516684997,10462.300000000000,0.002729750000
1516684998,10462.300000000000,0.011779310000
1516684999,10462.300000000000,0.003012040000
1516684999,10462.300000000000,0.003022800000
1516684999,10462.300000000000,0.028955340000
1516685000,10446.800000000000,0.004786150000
1516685000,10446.800000000000,0.002211250000
1516685001,10446.800000000000,0.002574900000
1516685001,10446.800000000000,0.004786150000
1516685001,10446.800000000000,0.004786150000
1516685001,10446.800000000000,0.004786150000
1516685001,10446.800000000000,0.004786150000
1516685001,10414.100000000000,0.030000000000
1516685001,10414.000000000000,0.060000000000
1516685002,10414.000000000000,0.002000000000
1516685002,10423.000000000000,0.003015000000
1516685002,10423.000000000000,0.003015000000
1516685003,10423.000000000000,0.010013090000
1516685003,10423.000000000000,0.022299240000
1516685003,10423.000000000000,0.004791430000
1516685004,10423.000000000000,0.022302100000
1516685004,10423.000000000000,0.004791430000
1516685004,10423.000000000000,0.007032770000
1516685005,10420.800000000000,0.012500000000
1516685005,10420.800000000000,0.005327840000
1516685007,10420.800000000000,0.010027750000
1516685009,10420.700000000000,0.023000000000
1516685009,10420.800000000000,0.038000000000
1516685010,10420.800000000000,0.071548410000
1516685010,10420.800000000000,0.010804600000
1516685011,10420.800000000000,0.002000000000
1516685011,10420.800000000000,0.050000000000
1516685012,10420.800000000000,0.002732700000
1516685012,10420.800000000000,0.011973710000
1516685013,10420.800000000000,0.010787440000
1516685014,10414.000000000000,0.040000000000
1516685015,10417.100000000000,0.009596190000
1516685016,10414.000000000000,0.019883670000
1516685016,10414.000000000000,0.030000000000
1516685016,10413.800000000000,0.009000000000
1516685016,10401.000000000000,0.050000000000
1516685016,10400.100000000000,0.004387040000
1516685016,10400.000000000000,0.004792740000
1516685016,10396.500000000000,0.017942690000
1516685016,10384.500000000000,0.002000000000
1516685016,10377.800000000000,0.800000000000
1516685016,10373.000000000000,0.061993860000
1516685016,10417.100000000000,0.049979370000
1516685022,10414.000000000000,0.050006580000
1516685022,10414.000000000000,0.048993410000
1516685022,10417.000000000000,0.000985960000
1516685023,10417.000000000000,0.050037220000
1516685026,10413.400000000000,0.239766830000
1516685027,10413.400000000000,0.049975230000
1516685027,10409.900000000000,0.007684990000
1516685027,10400.400000000000,0.004807510000
1516685027,10374.900000000000,0.009907500000
1516685030,10400.500000000000,0.100000000000
1516685030,10400.500000000000,0.010000000000
1516685034,10400.600000000000,0.010000000000
1516685042,10374.900000000000,0.041115680000
1516685042,10374.900000000000,0.002094320000
1516685043,10396.000000000000,0.010000000000
1516685043,10396.100000000000,0.039908450000
1516685055,10375.100000000000,0.107330000000
1516685058,10375.000000000000,0.023000000000
1516685058,10374.900000000000,0.070770550000
1516685060,10374.000000000000,0.006229450000
1516685060,10395.000000000000,0.000770550000
1516685063,10395.000000000000,0.022229450000
1516685063,10395.000000000000,0.004363370000
1516685064,10388.100000000000,0.010101010000
1516685066,10388.100000000000,0.010107710000
1516685067,10388.100000000000,0.010107710000
1516685068,10388.100000000000,0.010107710000
1516685071,10374.900000000000,0.010000000000
1516685071,10374.900000000000,0.049989690000
1516685071,10374.900000000000,0.007702160000
1516685071,10374.900000000000,0.171265900000
1516685071,10374.900000000000,0.050000000000
1516685072,10374.900000000000,0.010018400000
1516685073,10374.900000000000,0.010019490000
1516685074,10374.900000000000,0.060524910000
1516685075,10374.900000000000,0.050000000000
1516685075,10374.900000000000,0.050000000000
1516685076,10374.900000000000,0.010020580000
1516685077,10374.900000000000,0.006545810000
1516685077,10374.900000000000,0.007710920000
1516685077,10374.900000000000,0.100000000000
1516685077,10374.900000000000,0.010000000000
1516685078,10374.900000000000,0.011820900000
1516685078,10374.900000000000,0.010019490000
1516685078,10374.900000000000,0.050079490000
1516685079,10374.900000000000,0.050017300000
1516685079,10374.900000000000,0.022864960000
1516685080,10391.400000000000,0.010019490000
1516685080,10391.400000000000,0.010000000000
1516685082,10391.400000000000,0.105569770000
1516685090,10386.300000000000,1.330000000000
1516685091,10386.300000000000,0.233349340000
1516685095,10385.200000000000,0.007703270000
1516685098,10385.000000000000,0.010000000000
1516685099,10385.000000000000,0.009629000000
1516685100,10375.000000000000,0.023000000000
1516685100,10374.900000000000,0.177000000000
1516685105,10384.900000000000,0.009000000000
1516685107,10383.800000000000,0.004815190000
1516685107,10381.700000000000,0.004184810000
1516685107,10381.700000000000,0.000631360000
1516685107,10374.900000000000,0.100704680000
1516685107,10374.900000000000,0.012163960000
1516685108,10384.000000000000,0.020000000000
1516685112,10374.900000000000,0.037836040000
1516685112,10374.900000000000,0.012163960000
1516685115,10374.900000000000,0.037836040000
1516685115,10374.900000000000,0.012163960000
1516685115,10374.900000000000,0.050075880000
1516685116,10374.900000000000,0.016002160000
1516685116,10374.900000000000,0.033997840000
1516685116,10375.700000000000,0.014000000000
1516685116,10375.800000000000,0.007715540000
1516685118,10375.900000000000,0.003856000000
1516685119,10376.100000000000,0.004800000000
1516685121,10376.100000000000,0.002914780000
1516685121,10377.900000000000,0.004832590000
1516685121,10378.000000000000,0.041886400000
1516685121,10378.000000000000,0.009000000000
1516685122,10378.000000000000,0.005000000000
1516685124,10377.900000000000,0.005003580000
1516685124,10377.200000000000,0.001903480000
1516685124,10375.900000000000,0.293092940000
1516685126,10378.000000000000,0.004833600000
1516685128,10374.800000000000,0.004819370000
1516685129,10374.600000000000,0.004819460000
1516685129,10374.000000000000,0.007000000000
1516685129,10371.000000000000,0.002000000000
1516685129,10364.200000000000,0.011063290000
1516685129,10364.200000000000,0.005117250000
1516685131,10364.200000000000,0.090173360000
1516685131,10364.200000000000,0.026041570000
1516685131,10364.200000000000,0.022616990000
1516685131,10360.100000000000,0.020463590000
1516685131,10360.000000000000,0.040704490000
1516685138,10360.100000000000,0.023000000000
1516685138,10360.000000000000,0.012800000000
1516685139,10374.600000000000,0.004819320000
1516685141,10364.600000000000,0.002000000000
1516685142,10360.000000000000,0.005000000000
1516685146,10364.600000000000,0.009820380000
1516685146,10373.600000000000,0.112743870000
1516685146,10374.500000000000,0.023000000000
1516685146,10374.500000000000,0.358000760000
1516685146,10374.600000000000,0.003460000000
1516685146,10375.900000000000,0.029329080000
1516685146,10375.900000000000,0.029315170000
1516685146,10375.900000000000,0.029264520000
1516685146,10379.800000000000,1.405066220000
1516685148,10360.000000000000,0.050000000000
1516685151,10360.000000000000,0.049991180000
1516685158,10360.000000000000,0.044084330000
1516685158,10359.400000000000,0.005915670000
1516685158,10359.000000000000,0.100000000000
1516685158,10355.100000000000,0.002625630000
1516685158,10351.900000000000,0.097374370000
1516685158,10359.400000000000,0.001160030000
1516685159,10344.500000000000,0.007733580000
1516685159,10343.800000000000,0.052266420000
1516685160,10343.800000000000,1.283000000000
1516685161,10359.000000000000,0.004892940000
1516685161,10359.400000000000,0.003584980000
1516685161,10360.000000000000,0.045000000000
1516685161,10360.000000000000,0.215000000000
1516685161,10363.500000000000,0.067315790000
1516685163,10363.500000000000,0.025286640000
1516685163,10363.600000000000,0.307775920000
1516685164,10359.000000000000,0.040197450000
1516685165,10359.000000000000,0.009882030000
1516685165,10359.000000000000,0.049991760000
1516685165,10363.600000000000,0.030462350000
1516685165,10364.400000000000,0.220671780000
1516685165,10359.000000000000,0.010125300000
1516685166,10359.000000000000,0.000766350000
1516685178,10375.500000000000,0.010502910000
1516685180,10375.500000000000,0.006320730000
1516685180,10375.600000000000,0.003460000000
1516685181,10380.000000000000,0.050024210000
1516685184,10380.000000000000,0.006509020000
1516685184,10380.000000000000,0.011753030000
1516685184,10380.000000000000,0.725730000000
1516685184,10385.000000000000,0.072667730000
1516685185,10400.000000000000,0.050021650000
1516685186,10400.000000000000,0.011765580000
1516685186,10400.000000000000,0.220388180000
1516685188,10404.200000000000,0.535000000000
1516685190,10404.200000000000,0.005095430000
1516685191,10404.200000000000,0.009632000000
1516685192,10404.200000000000,0.177177870000
1516685194,10404.200000000000,0.049113770000
1516685194,10404.200000000000,0.107693770000
1516685194,10404.200000000000,0.244886140000
1516685194,10404.200000000000,0.070000000000
1516685194,10404.300000000000,0.004821810000
1516685194,10404.300000000000,0.025178190000
1516685194,10404.200000000000,0.023925760000
1516685194,10404.200000000000,0.050024490000
1516685196,10400.100000000000,0.003856000000
1516685197,10404.200000000000,0.049987280000
1516685197,10404.500000000000,0.007697650000
1516685197,10407.700000000000,0.004824750000
1516685197,10408.100000000000,0.007706520000
1516685199,10408.100000000000,0.239468530000
1516685202,10408.200000000000,0.023000000000
1516685202,10408.100000000000,0.026988000000
1516685202,10408.100000000000,0.050018890000
1516685202,10408.100000000000,0.049997030000
1516685212,10408.300000000000,0.123281670000
1516685214,10411.900000000000,0.012192190000
1516685215,10411.900000000000,0.010098160000
1516685215,10411.900000000000,0.012200000000
1516685217,10413.200000000000,0.004826290000
1516685220,10415.300000000000,0.005904370000
1516685220,10415.300000000000,0.023000000000
1516685220,10415.300000000000,0.200000000000
1516685221,10423.000000000000,0.002430000000
1516685222,10423.900000000000,0.047570000000
1516685222,10415.400000000000,0.012382580000
1516685223,10415.400000000000,0.003844800000
1516685224,10437.900000000000,0.002000000000
1516685226,10415.500000000000,0.010103540000
1516685227,10420.200000000000,0.079866770000
1516685229,10420.200000000000,0.017802410000
1516685230,10420.200000000000,0.035918180000
1516685232,10420.200000000000,0.017786890000
1516685233,10420.300000000000,0.017786890000
1516685233,10420.300000000000,0.017784140000
1516685239,10420.400000000000,0.158760130000
1516685239,10420.400000000000,0.050000000000
1516685240,10420.400000000000,0.090412070000
1516685240,10420.400000000000,0.136924850000
1516685240,10437.900000000000,0.020460000000
1516685241,10420.400000000000,0.156480920000
1516685242,10420.400000000000,0.207422030000
1516685242,10420.300000000000,0.023000000000
1516685242,10415.500000000000,0.015119510000
1516685252,10409.800000000000,0.007685070000
1516685252,10406.600000000000,0.007687430000
1516685252,10406.600000000000,0.007687430000
1516685252,10406.600000000000,0.007687430000
1516685252,10398.400000000000,0.004808430000
1516685252,10375.000000000000,0.007544210000
1516685256,10378.000000000000,0.002000000000
1516685266,10383.800000000000,0.070962610000
1516685267,10378.100000000000,0.021024180000
1516685273,10375.000000000000,0.100000000000
1516685278,10375.000000000000,0.108812120000
1516685280,10375.000000000000,0.045186130000
1516685280,10375.000000000000,0.007040960000
1516685280,10374.900000000000,0.061998940000
1516685280,10364.700000000000,0.021313030000
1516685287,10366.000000000000,0.022360940000
1516685290,10366.000000000000,0.000639060000
1516685290,10366.100000000000,0.004123920000
1516685291,10366.100000000000,0.030022920000
1516685292,10366.100000000000,0.005999360000
1516685292,10366.100000000000,0.159853800000
1516685295,10366.100000000000,0.009600000000
1516685302,10366.200000000000,0.023000000000
1516685302,10366.100000000000,0.005999360000
1516685302,10364.000000000000,0.500000000000
1516685302,10359.500000000000,0.016823640000
1516685302,10359.000000000000,1.454177000000
1516685305,10374.900000000000,0.012225040000
1516685305,10374.900000000000,0.053824390000
1516685308,10374.900000000000,0.023000000000
1516685310,10374.900000000000,0.005596230000
1516685310,10374.900000000000,0.085354340000
1516685326,10372.000000000000,0.004820670000
1516685326,10366.200000000000,0.023000000000
1516685329,10366.100000000000,0.004763450000
1516685333,10365.500000000000,0.048040430000
1516685333,10366.100000000000,0.002959380000
1516685333,10366.200000000000,0.007899620000
1516685335,10365.500000000000,0.021456010000
1516685335,10365.500000000000,0.010147380000
1516685335,10365.500000000000,0.064258460000
1516685336,10365.500000000000,0.010147380000
1516685337,10365.600000000000,0.010168990000
1516685340,10365.600000000000,0.117912100000
1516685342,10363.700000000000,0.012186310000
1516685342,10359.100000000000,0.187813690000
1516685343,10359.100000000000,0.003864640000
1516685346,10366.100000000000,0.010173940000
1516685347,10366.100000000000,0.012826060000
1516685348,10366.200000000000,0.050044730000
1516685349,10366.200000000000,0.003854840000
1516685350,10366.200000000000,0.007717390000
1516685350,10366.100000000000,0.017204570000
1516685350,10366.100000000000,0.005603190000
1516685351,10361.300000000000,0.010010420000
1516685352,10361.300000000000,0.050072500000
1516685354,10361.300000000000,0.049994690000
1516685355,10361.300000000000,0.039397240000
1516685366,10372.000000000000,0.005003190000
1516685366,10372.000000000000,0.005000000000
1516685369,10364.200000000000,0.030602900000
1516685380,10364.200000000000,0.007241720000
1516685382,10364.200000000000,0.010015080000
1516685384,10364.200000000000,0.030793200000
1516685384,10374.900000000000,0.005454240000
1516685384,10386.600000000000,0.002400000000
1516685384,10387.000000000000,0.045352560000
1516685392,10375.000000000000,0.007721070000
1516685393,10375.000000000000,0.011838660000
1516685397,10379.000000000000,0.029299000000
1516685397,10386.000000000000,0.016823640000
1516685397,10386.900000000000,0.053468260000
1516685397,10387.000000000000,0.317011570000
1516685397,10398.000000000000,0.030413740000
1516685397,10404.500000000000,0.002400000000
1516685397,10405.000000000000,0.101026310000
1516685399,10405.000000000000,0.072179470000
1516685400,10405.000000000000,0.010117670000
1516685401,10405.000000000000,0.003870000000
1516685401,10405.200000000000,0.002000000000
1516685402,10405.000000000000,0.011818100000
1516685403,10405.000000000000,0.010117670000
1516685406,10405.000000000000,0.050000000000
1516685406,10405.000000000000,0.007706940000
1516685407,10405.000000000000,0.007693390000
1516685409,10405.000000000000,0.136351300000
1516685409,10405.000000000000,0.050016060000
1516685413,10405.000000000000,0.007692660000
1516685419,10405.000000000000,0.004001730000
1516685419,10405.000000000000,0.003998590000
1516685419,10405.100000000000,0.004819900000
1516685422,10405.100000000000,0.004001730000
1516685427,10405.100000000000,0.163178050000
1516685428,10405.000000000000,0.010090950000
1516685429,10405.000000000000,0.010000000000
1516685432,10405.000000000000,0.024693020000
1516685433,10405.000000000000,0.038477980000
1516685433,10405.200000000000,0.005694260000
1516685433,10405.600000000000,0.004823820000
1516685433,10405.600000000000,0.004820850000
1516685433,10406.900000000000,0.007691850000
1516685433,10406.900000000000,0.007692340000
1516685433,10420.100000000000,0.035668340000
1516685433,10420.200000000000,0.008330560000
1516685440,10413.000000000000,0.052730740000
1516685442,10413.100000000000,0.121428610000
1516685445,10413.100000000000,0.014952660000
1516685446,10413.100000000000,0.014934060000
1516685446,10413.100000000000,0.180000000000
1516685448,10413.100000000000,0.014754110000
1516685449,10413.100000000000,0.014771750000
1516685449,10413.100000000000,0.001522940000
1516685449,10413.000000000000,0.149345850000
1516685453,10413.000000000000,0.106987840000
1516685454,10413.000000000000,0.102616140000
1516685456,10413.000000000000,0.026854810000
1516685459,10413.000000000000,0.005887500000
1516685459,10413.000000000000,0.395577120000
1516685459,10405.000000000000,0.007398000000
1516685459,10405.000000000000,0.007398000000
1516685459,10403.700000000000,0.007689570000
1516685460,10390.100000000000,0.007364450000
1516685462,10390.100000000000,0.028679170000
1516685464,10403.600000000000,0.008001980000
1516685470,10403.600000000000,0.173935330000
1516685481,10405.000000000000,0.011780920000
1516685483,10405.000000000000,0.011797190000
1516685484,10405.000000000000,0.011777030000
1516685487,10405.000000000000,0.144761820000
1516685489,10405.000000000000,0.002500000000
1516685489,10405.000000000000,0.049931980000
1516685493,10405.000000000000,0.117220590000
1516685494,10405.000000000000,0.050008270000
1516685495,10405.000000000000,0.005897300000
1516685499,10405.100000000000,0.007698970000
1516685514,10405.100000000000,0.003849600000
1516685514,10405.100000000000,0.013120000000
1516685521,10407.900000000000,0.025000000000
1516685521,10405.100000000000,0.155331430000
1516685521,10405.000000000000,0.239389570000
1516685527,10405.000000000000,0.009000000000
1516685531,10396.100000000000,0.002000000000
1516685542,10397.000000000000,0.006247000000
1516685545,10397.000000000000,0.001458600000
1516685545,10399.100000000000,0.004822830000
1516685545,10405.000000000000,0.023054660000
1516685545,10405.000000000000,0.006280000000
1516685545,10405.000000000000,0.007997210000
1516685546,10393.100000000000,0.018045190000
1516685547,10393.000000000000,0.003843840000
1516685551,10393.100000000000,0.002067940000
1516685552,10393.100000000000,0.018811840000
1516685552,10396.100000000000,0.021000000000
1516685552,10396.100000000000,0.021015750000
1516685552,10396.100000000000,0.021000000000
1516685552,10405.000000000000,0.058947130000
1516685552,10405.000000000000,0.011799010000
1516685552,10405.100000000000,0.050024450000
1516685552,10407.900000000000,0.051560440000
1516685552,10413.600000000000,0.007686290000
1516685552,10418.400000000000,0.026983470000
1516685552,10420.200000000000,0.236171620000
1516685561,10405.100000000000,0.003843840000
1516685561,10405.100000000000,0.019156160000
1516685561,10405.000000000000,0.011799010000
1516685572,10420.000000000000,0.025000000000
1516685572,10420.000000000000,2.000000000000
1516685574,10420.000000000000,0.200000000000
1516685575,10420.100000000000,0.010000000000
1516685578,10420.000000000000,0.050000000000
1516685581,10420.000000000000,0.003840000000
1516685582,10420.000000000000,0.121276390000
1516685587,10420.000000000000,0.117437620000
1516685590,10420.000000000000,0.525000000000
1516685591,10420.000000000000,0.025000000000
1516685593,10420.000000000000,0.180000000000
1516685606,10420.000000000000,0.003613600000
1516685612,10420.100000000000,0.060000000000
1516685614,10420.000000000000,0.011769000000
1516685617,10420.000000000000,0.007682000000
1516685618,10420.000000000000,0.002420000000
1516685623,10420.000000000000,0.023540800000
1516685625,10420.000000000000,0.098100420000
1516685625,10420.100000000000,0.010000000000
1516685626,10420.100000000000,0.015099570000
1516685627,10420.000000000000,0.048345570000
1516685630,10420.000000000000,0.027040150000
1516685630,10420.000000000000,0.091737040000
1516685631,10420.000000000000,0.023543300000
1516685633,10420.100000000000,0.013444840000
1516685633,10420.200000000000,0.166555160000
1516685637,10420.200000000000,0.488942660000
1516685637,10438.000000000000,0.002000000000
1516685637,10447.100000000000,0.009000000000
1516685637,10448.400000000000,0.007670870000
1516685637,10470.000000000000,0.017386470000
1516685644,10441.800000000000,0.002000000000
1516685647,10466.600000000000,0.010074120000
1516685647,10466.600000000000,0.002926880000
1516685647,10455.100000000000,0.007147240000
1516685648,10455.100000000000,0.060000000000
1516685648,10455.100000000000,0.011930100000
1516685648,10455.100000000000,0.049990010000
1516685649,10455.100000000000,0.003837760000
1516685651,10455.100000000000,0.300000000000
1516685655,10465.600000000000,0.002066150000
1516685658,10466.600000000000,0.002999500000
1516685658,10466.600000000000,0.014000000000
1516685658,10466.900000000000,0.003000500000
1516685659,10465.600000000000,0.010934850000
1516685659,10465.600000000000,0.013001000000
1516685660,10455.300000000000,0.004101170000
1516685660,10455.200000000000,0.254485830000
1516685661,10455.300000000000,0.017710500000
1516685661,10465.600000000000,0.013001000000
1516685663,10465.600000000000,0.006122080000
1516685664,10455.300000000000,0.005289500000
1516685665,10455.200000000000,0.032049380000
1516685666,10455.200000000000,0.020137430000
1516685666,10465.500000000000,0.023000000000
1516685666,10465.600000000000,0.148462070000
1516685666,10465.700000000000,0.007650510000
1516685666,10466.900000000000,0.001794460000
1516685666,10466.900000000000,0.004794630000
1516685666,10466.900000000000,0.004794110000
1516685666,10466.900000000000,0.004803330000
1516685666,10467.500000000000,0.030000000000
1516685666,10469.900000000000,0.030000000000
1516685666,10469.900000000000,0.009722380000
1516685666,10470.000000000000,0.185193530000
1516685666,10471.900000000000,0.362364130000
1516685670,10491.800000000000,0.005817580000
1516685680,10485.700000000000,0.004784950000
1516685680,10485.700000000000,0.001115050000
1516685681,10476.800000000000,0.023000000000
1516685681,10476.700000000000,0.041325010000
1516685684,10477.000000000000,0.097598000000
1516685685,10480.000000000000,0.011119350000
1516685686,10476.700000000000,0.002416010000
1516685692,10479.900000000000,0.013682260000
1516685693,10479.900000000000,0.009317740000
1516685693,10480.000000000000,0.004532860000
1516685693,10480.000000000000,0.091013460000
1516685693,10480.000000000000,0.050000000000
1516685693,10485.700000000000,0.003671600000
1516685696,10486.000000000000,0.019616130000
1516685697,10486.000000000000,0.009700000000
1516685700,10500.000000000000,0.007637410000
1516685701,10500.000000000000,0.005051000000
1516685703,10500.100000000000,0.003849280000
1516685705,10500.200000000000,0.029811760000
1516685706,10526.800000000000,0.003668230000
1516685706,10526.800000000000,0.002029700000
1516685707,10526.800000000000,0.003849280000
1516685712,10536.500000000000,0.007000000000
1516685713,10526.800000000000,0.020905280000
1516685716,10526.800000000000,0.000651010000
1516685718,10517.900000000000,0.004753800000
1516685718,10500.600000000000,0.001070440000
1516685718,10526.800000000000,0.025000000000
1516685719,10500.600000000000,0.015900000000
1516685720,10507.000000000000,0.023000000000
1516685728,10507.000000000000,0.011662990000
1516685732,10506.800000000000,0.030008430000
1516685735,10506.700000000000,0.023000000000
1516685735,10506.800000000000,0.068888400000
1516685743,10506.800000000000,0.004770710000
1516685745,10506.200000000000,0.004774530000
1516685745,10506.200000000000,0.004770710000
1516685749,10506.200000000000,0.010000000000
1516685749,10500.700000000000,0.362364130000
1516685749,10500.400000000000,0.162635870000
1516685749,10506.100000000000,0.044546940000
1516685749,10506.200000000000,1.160454760000
1516685749,10506.800000000000,0.884669470000
1516685749,10522.000000000000,0.261528830000
1516685752,10506.200000000000,0.004770980000
1516685752,10500.100000000000,0.104271030000
1516685752,10500.100000000000,0.055358890000
1516685756,10500.000000000000,0.125513030000
1516685758,10500.000000000000,0.180000000000
1516685759,10501.100000000000,0.012999000000
1516685759,10501.200000000000,0.002581400000
1516685760,10500.000000000000,0.050000000000
1516685761,10501.200000000000,0.010417600000
1516685761,10502.000000000000,0.090582400000
1516685761,10500.000000000000,0.809329000000
1516685762,10502.000000000000,0.005000000000
1516685763,10500.000000000000,0.044546940000
1516685763,10500.000000000000,0.011921000000
1516685765,10500.000000000000,2.811000000000
1516685765,10500.000000000000,0.011921000000
1516685765,10500.000000000000,0.300000000000
1516685766,10500.000000000000,0.050003480000
1516685767,10500.000000000000,0.108688260000
1516685767,10500.000000000000,0.011680700000
1516685768,10500.000000000000,0.011921000000
1516685769,10500.000000000000,0.460787180000
1516685769,10500.000000000000,0.523220000000
1516685769,10500.000000000000,0.010024940000
1516685772,10487.500000000000,0.099999990000
1516685773,10487.500000000000,0.000000010000
1516685773,10479.700000000000,0.003862390000
1516685777,10479.800000000000,0.010000000000
1516685791,10487.500000000000,0.050000000000
1516685791,10487.500000000000,0.025000000000
1516685791,10499.600000000000,0.064392870000
1516685791,10499.700000000000,0.204254640000
1516685791,10500.000000000000,0.050000000000
1516685791,10500.000000000000,0.050000000000
1516685791,10500.200000000000,0.007635860000
1516685791,10501.100000000000,0.012999000000
1516685791,10501.100000000000,0.012999000000
1516685791,10502.000000000000,0.047718630000
1516685802,10496.300000000000,1.820000000000
1516685804,10498.100000000000,0.002000000000
1516685804,10498.000000000000,0.180000000000
1516685808,10479.700000000000,0.003771420000
1516685808,10479.400000000000,0.263886000000
1516685808,10477.100000000000,0.014267210000
1516685808,10477.000000000000,0.339000000000
1516685808,10476.100000000000,0.016823640000
1516685808,10472.500000000000,0.362251730000
1516685808,10494.500000000000,0.012000000000
1516685808,10494.600000000000,0.088503540000
1516685812,10494.600000000000,0.180000000000
1516685813,10498.000000000000,0.011710080000
1516685813,10498.000000000000,0.011710080000
1516685813,10498.000000000000,0.011710080000
1516685813,10526.700000000000,0.024869760000
1516685845,10500.800000000000,0.023000000000
1516685845,10500.700000000000,0.026994540000
1516685849,10526.200000000000,0.337494370000
1516685849,10526.200000000000,0.023000000000
1516685849,10526.300000000000,0.016823640000
1516685849,10526.600000000000,0.038291740000
1516685849,10526.800000000000,0.020905290000
1516685849,10539.000000000000,0.563484960000
1516685850,10500.700000000000,0.043777180000
1516685853,10501.100000000000,0.014173930000
1516685854,10501.100000000000,0.014159460000
1516685856,10501.200000000000,0.011673500000
1516685856,10501.200000000000,0.009790750000
1516685857,10501.200000000000,0.014204120000
1516685858,10501.200000000000,0.014173930000
1516685861,10526.400000000000,0.003840000000
1516685862,10526.400000000000,0.190514000000
1516685864,10526.400000000000,0.003278400000
1516685864,10526.400000000000,0.096686960000
1516685866,10526.600000000000,0.290000000000
1516685866,10526.400000000000,0.210000000000
1516685867,10526.400000000000,0.050014690000
1516685868,10526.400000000000,0.066059990000
1516685869,10526.400000000000,0.009993140000
1516685870,10526.400000000000,0.049982140000
1516685870,10526.400000000000,0.050038920000
1516685870,10526.400000000000,0.050014140000
1516685871,10526.400000000000,0.050000000000
1516685871,10526.400000000000,0.050010980000
1516685871,10526.400000000000,0.035180040000
1516685872,10526.400000000000,0.072177370000
1516685872,10526.400000000000,0.035180040000
1516685875,10526.400000000000,0.035178870000
1516685876,10526.400000000000,0.008297690000
1516685876,10526.400000000000,0.007604620000
1516685877,10526.500000000000,0.007607060000
1516685877,10527.200000000000,0.007604640000
1516685877,10529.100000000000,0.004765530000
1516685877,10529.100000000000,0.002122770000
1516685879,10526.400000000000,0.049962660000
1516685881,10526.400000000000,0.049996500000
1516685884,10526.400000000000,0.025072290000
1516685885,10526.400000000000,0.018544260000
1516685885,10529.100000000000,0.002640520000
1516685885,10532.400000000000,0.000359480000
1516685890,10526.500000000000,0.031789920000
1516685891,10501.100000000000,0.023347000000
1516685909,10523.300000000000,0.911500000000
1516685913,10506.700000000000,0.044440340000
1516685914,10501.100000000000,0.024104110000
1516685916,10500.700000000000,0.180000000000
1516685916,10500.700000000000,0.249228280000
1516685916,10493.700000000000,0.016823640000
1516685916,10456.600000000000,0.164287110000
1516685916,10455.100000000000,0.013001000000
1516685916,10451.500000000000,0.081659970000
1516685918,10501.100000000000,0.200000000000
1516685920,10492.600000000000,0.024806180000
1516685923,10492.600000000000,0.012030580000
1516685925,10483.000000000000,0.004771130000
1516685927,10478.900000000000,0.004771490000
1516685929,10478.400000000000,0.050067400000
1516685929,10478.400000000000,0.021108800000
1516685931,10478.400000000000,0.004757040000
1516685932,10478.400000000000,0.022629030000
1516685939,10474.200000000000,0.180000000000
1516685942,10474.200000000000,0.005624280000
1516685947,10474.100000000000,0.006726460000
1516685947,10469.500000000000,0.004775780000
1516685947,10451.600000000000,0.097935200000
1516685947,10451.600000000000,0.312521830000
1516685947,10450.000000000000,0.050000000000
1516685947,10423.800000000000,0.165617660000
1516685947,10423.700000000000,0.015783810000
1516685947,10420.100000000000,0.014000000000
1516685947,10420.000000000000,0.339365720000
1516685950,10426.300000000000,0.009000000000
1516685952,10474.100000000000,0.043115840000
1516685952,10490.000000000000,0.481884160000
1516685960,10434.100000000000,0.156387690000
1516685960,10434.000000000000,0.043612310000
1516685961,10473.000000000000,0.004773700000
1516685963,10473.000000000000,0.050052680000
1516685964,10472.100000000000,0.049907140000
1516685969,10472.100000000000,0.050056880000
1516685970,10472.100000000000,0.068214840000
1516685970,10473.000000000000,0.050000000000
1516685971,10473.000000000000,0.053577250000
1516685974,10473.000000000000,0.072979370000
1516685977,10473.000000000000,0.050082600000
1516685978,10473.000000000000,0.031056230000
1516685985,10484.200000000000,0.013000000000
1516685986,10483.000000000000,0.013000000000
1516685987,10483.000000000000,0.003857920000
1516685994,10483.100000000000,0.362364130000
1516686009,10474.200000000000,0.002844000000
1516686017,10474.100000000000,0.009000000000
1516686023,10474.100000000000,0.180000000000
1516686024,10474.100000000000,0.157810410000
1516686027,10476.600000000000,0.055221880000
1516686027,10482.800000000000,0.039778120000
1516686053,10475.300000000000,0.003853120000
1516686083,10491.900000000000,0.003853120000
1516686083,10493.800000000000,0.016823640000
1516686083,10511.900000000000,0.025431670000
1516686083,10513.000000000000,0.754891570000
1516686087,10478.500000000000,0.012995000000
1516686093,10477.400000000000,0.021318050000
1516686093,10475.300000000000,0.042614500000
1516686093,10474.200000000000,0.049536460000
1516686093,10474.100000000000,0.292910990000
1516686099,10474.100000000000,0.116533750000
1516686102,10474.100000000000,1.750000000000
1516686106,10474.100000000000,0.493744850000
1516686108,10472.100000000000,0.010056150000
1516686115,10472.100000000000,0.011706300000
1516686116,10472.100000000000,0.043787550000
1516686123,10439.600000000000,0.023000000000
1516686123,10439.500000000000,0.016073850000
1516686134,10454.100000000000,0.004782810000
1516686135,10441.100000000000,0.033745150000
1516686135,10441.100000000000,0.005814850000
1516686140,10442.900000000000,0.023000000000
1516686140,10450.800000000000,0.027058500000
1516686141,10442.200000000000,0.004788260000
1516686141,10442.200000000000,0.004788260000
1516686141,10440.700000000000,0.016823640000
1516686141,10440.600000000000,0.083024610000
1516686141,10450.800000000000,0.004950540000
1516686144,10450.800000000000,0.004956000000
1516686149,10444.000000000000,0.004803990000
1516686149,10445.000000000000,0.049964900000
1516686149,10444.000000000000,0.004804500000
1516686149,10445.000000000000,0.029710630000
1516686150,10449.900000000000,0.050019040000
1516686150,10449.900000000000,0.049964900000
1516686151,10449.900000000000,0.050019040000
1516686152,10444.300000000000,0.004802710000
1516686152,10449.900000000000,0.295347790000
1516686153,10449.900000000000,0.050015600000
1516686156,10444.000000000000,0.002175900000
1516686156,10444.000000000000,0.005000000000
1516686156,10444.000000000000,0.049985890000
1516686160,10443.700000000000,0.011777800000
1516686160,10442.900000000000,0.023000000000
1516686160,10440.600000000000,0.027092250000
1516686164,10440.600000000000,0.050000000000
1516686164,10442.900000000000,0.031017310000
1516686164,10442.900000000000,0.031000000000
1516686164,10443.200000000000,0.004678220000
1516686167,10440.600000000000,0.005857220000
1516686169,10440.600000000000,0.837351710000
1516686169,10423.700000000000,0.047427320000
1516686169,10420.000000000000,6.075288390000
1516686169,10413.700000000000,0.009000000000
1516686170,10409.600000000000,0.023456800000
1516686170,10409.600000000000,0.050000000000
1516686170,10413.700000000000,0.010020710000
1516686171,10413.700000000000,0.035151470000
1516686172,10409.600000000000,0.017102820000
1516686172,10413.700000000000,0.035120310000
1516686172,10413.700000000000,0.031700000000
1516686173,10413.700000000000,0.007716900000
1516686174,10413.700000000000,0.011743630000
1516686174,10413.700000000000,0.007716900000
1516686175,10412.300000000000,0.004802010000
1516686175,10409.700000000000,0.134255580000
1516686175,10409.600000000000,0.109440380000
1516686175,10401.000000000000,0.276502030000
1516686175,10401.000000000000,0.010000000000
1516686186,10403.900000000000,0.003853120000
1516686188,10403.900000000000,0.000952770000
1516686188,10401.000000000000,0.002447230000
1516686192,10401.000000000000,0.006000000000
1516686194,10401.000000000000,0.003846720000
1516686197,10401.000000000000,0.043300000000
1516686197,10401.000000000000,0.050033680000
1516686197,10401.000000000000,0.049954290000
1516686197,10401.000000000000,0.022100000000
1516686198,10401.000000000000,0.010000000000
1516686198,10401.000000000000,0.007710790000
1516686198,10401.000000000000,0.050000000000
1516686199,10401.000000000000,0.107766000000
1516686199,10401.000000000000,0.050033680000
1516686200,10401.000000000000,0.011709000000
1516686200,10401.000000000000,0.003020000000
1516686201,10401.000000000000,0.015407720000
1516686201,10401.000000000000,0.093407080000
1516686202,10401.000000000000,0.186761780000
1516686202,10401.000000000000,0.009220000000
1516686209,10400.900000000000,0.050000000000
1516686210,10400.600000000000,0.004807410000
1516686210,10400.000000000000,0.005256560000
1516686210,10400.000000000000,0.003849600000
1516686211,10400.000000000000,0.010062730000
1516686212,10400.000000000000,0.031114990000
1516686213,10400.000000000000,0.010062730000
1516686214,10400.000000000000,0.010060050000
1516686215,10400.000000000000,0.017000000000
1516686215,10400.000000000000,0.010060050000
1516686218,10400.000000000000,0.002533290000
1516686218,10388.900000000000,0.002000000000
1516686218,10363.900000000000,0.001849600000
1516686231,10383.300000000000,0.002000000000
1516686231,10364.000000000000,0.001845760000
1516686241,10383.300000000000,0.002000880000
1516686241,10384.000000000000,0.004834430000
1516686241,10385.500000000000,0.004834430000
1516686242,10390.000000000000,0.007713860000
1516686243,10400.000000000000,0.016951420000
1516686243,10400.100000000000,0.007710000000
1516686243,10400.100000000000,0.000338580000
1516686244,10393.000000000000,0.118999480000
1516686244,10393.000000000000,0.006550350000
1516686245,10393.000000000000,0.005242100000
1516686246,10400.000000000000,0.120444490000
1516686247,10393.000000000000,0.003855680000
1516686248,10383.300000000000,0.180000000000
1516686248,10368.100000000000,0.020000000000
1516686248,10400.000000000000,0.100134950000
1516686249,10400.000000000000,0.050000000000
1516686251,10395.300000000000,0.004827040000
1516686251,10400.000000000000,0.043630450000
1516686251,10400.100000000000,0.001628210000
1516686253,10385.600000000000,0.010000000000
1516686253,10393.000000000000,0.012898000000
1516686253,10400.100000000000,0.002857630000
1516686253,10400.300000000000,0.004823350000
1516686253,10400.800000000000,0.029506720000
1516686258,10400.800000000000,0.055645720000
1516686258,10400.900000000000,0.052972220000
1516686258,10401.000000000000,0.030622990000
1516686258,10401.000000000000,0.010835710000
1516686258,10401.000000000000,0.010826420000
1516686258,10401.000000000000,0.010835710000
1516686258,10401.000000000000,0.010826420000
1516686258,10401.000000000000,0.010835710000
1516686258,10401.000000000000,0.050043970000
1516686258,10401.000000000000,0.010826420000
1516686258,10401.000000000000,0.050043970000
1516686258,10401.000000000000,0.119496000000
1516686258,10401.400000000000,0.007695420000
1516686258,10405.300000000000,0.004822390000
1516686258,10425.000000000000,1.963670930000
1516686259,10425.000000000000,0.010000000000
1516686260,10425.000000000000,0.003900000000
1516686260,10425.000000000000,0.003900000000
1516686261,10424.900000000000,0.028153710000
1516686268,10424.900000000000,0.030505990000
1516686273,10424.800000000000,0.050000000000
1516686274,10424.800000000000,0.003900000000
1516686274,10424.800000000000,0.035311660000
1516686275,10417.700000000000,0.003900000000
1516686275,10417.700000000000,0.000915160000
1516686277,10424.800000000000,0.004138000000
1516686277,10424.800000000000,0.003845760000
1516686279,10424.800000000000,0.004812230000
1516686280,10424.800000000000,0.004000000000
1516686281,10424.800000000000,0.004812230000
1516686281,10424.900000000000,0.001340300000
1516686281,10440.800000000000,0.007669060000
1516686282,10447.000000000000,0.000990640000
1516686282,10447.000000000000,0.008009360000
1516686282,10450.000000000000,0.991990640000
1516686284,10424.900000000000,0.002000000000
1516686284,10424.800000000000,0.001845760000
1516686289,10424.800000000000,0.026546020000
1516686289,10423.700000000000,0.006759660000
1516686291,10414.100000000000,0.004801180000
1516686291,10403.600000000000,0.207990080000
1516686291,10403.500000000000,0.030000000000
1516686291,10403.400000000000,0.030000000000
1516686291,10403.200000000000,0.030000000000
1516686291,10400.000000000000,0.478418740000
1516686298,10423.600000000000,0.010120510000
1516686303,10423.600000000000,0.001879490000
1516686303,10423.700000000000,0.000694320000
1516686303,10433.200000000000,0.004813330000
1516686303,10449.900000000000,0.002729960000
1516686309,10433.200000000000,0.035000000000
1516686309,10433.200000000000,0.007995120000
1516686334,10429.500000000000,0.002000000000
1516686336,10423.700000000000,0.003002640000
1516686336,10423.700000000000,0.003002640000
1516686336,10423.500000000000,0.007674970000
1516686336,10422.900000000000,0.007675410000
1516686336,10413.600000000000,0.003644340000
1516686342,10413.700000000000,0.023000000000
1516686342,10413.600000000000,0.005355660000
1516686342,10407.000000000000,0.120981330000
1516686342,10406.900000000000,0.089211660000
1516686345,10404.800000000000,1.177687220000
1516686347,10404.800000000000,0.983764130000
1516686347,10429.500000000000,0.014823640000
1516686347,10429.700000000000,0.157004880000
1516686347,10432.300000000000,0.023007610000
1516686349,10404.800000000000,0.023000000000
1516686349,10404.800000000000,0.002000000000
1516686366,10403.000000000000,0.023000000000
1516686366,10402.900000000000,0.157000000000
1516686368,10402.900000000000,0.012438000000
1516686371,10403.000000000000,0.010093240000
1516686373,10403.000000000000,0.010093240000
1516686373,10403.000000000000,0.002813520000
1516686374,10407.100000000000,0.049982090000
1516686374,10407.100000000000,0.010093240000
1516686377,10407.000000000000,0.010090440000
1516686386,10407.000000000000,0.012909560000
1516686386,10407.100000000000,0.037080390000
1516686387,10407.100000000000,0.050061930000
1516686388,10407.100000000000,0.049989950000
1516686390,10407.100000000000,0.002792400000
1516686393,10414.000000000000,0.009595660000
1516686401,10407.200000000000,0.012446000000
1516686405,10407.100000000000,0.007432310000
1516686413,10407.100000000000,0.008659770000
1516686427,10408.700000000000,0.012446000000
1516686427,10408.800000000000,0.007689810000
1516686427,10423.500000000000,0.004864190000
1516686430,10423.500000000000,0.002481720000
1516686434,10409.500000000000,0.003845120000
1516686434,10423.500000000000,0.162092090000
1516686434,10423.500000000000,0.090899710000
1516686434,10438.000000000000,0.240000000000
1516686434,10446.900000000000,0.009000000000
1516686434,10450.000000000000,0.008009360000
1516686436,10450.000000000000,0.010075280000
1516686437,10450.000000000000,1.053825010000
1516686437,10450.000000000000,0.191704000000
1516686437,10450.000000000000,0.010075280000
1516686438,10450.000000000000,0.011922300000
1516686439,10450.000000000000,0.574284140000
1516686439,10450.000000000000,0.038112830000
1516686439,10408.700000000000,0.180000000000
1516686439,10407.200000000000,0.192926130000
1516686439,10407.100000000000,0.031105670000
1516686439,10407.100000000000,0.050061850000
1516686439,10407.100000000000,0.013447850000
1516686439,10407.100000000000,0.049982940000
1516686439,10407.100000000000,0.013447850000
1516686439,10407.100000000000,0.006440440000
1516686439,10405.300000000000,0.016823640000
1516686439,10403.000000000000,0.004876570000
1516686439,10402.800000000000,0.004806400000
1516686439,10400.000000000000,0.028000000000
1516686439,10399.100000000000,0.021601750000
1516686439,10398.400000000000,0.523205710000
1516686440,10398.400000000000,0.010004440000
1516686442,10398.400000000000,0.003831360000
1516686444,10409.500000000000,0.033734530000
1516686446,10409.500000000000,0.033994640000
1516686446,10398.500000000000,0.001250560000
1516686451,10449.900000000000,0.014300000000
1516686451,10449.900000000000,0.002523640000
1516686451,10449.900000000000,0.025889430000
1516686451,10450.000000000000,0.050000000000
1516686451,10450.000000000000,0.009200000000
1516686451,10450.000000000000,0.112386930000
1516686487,10449.900000000000,0.009000000000
1516686498,10419.100000000000,0.050696180000
1516686498,10418.700000000000,0.023000000000
1516686498,10418.600000000000,0.128303820000
1516686499,10418.600000000000,0.041134180000
1516686500,10413.500000000000,0.009000000000
1516686507,10418.300000000000,0.023000000000
1516686507,10418.500000000000,0.023000000000
1516686507,10418.600000000000,0.003974340000
1516686521,10408.200000000000,0.023000000000
1516686522,10408.000000000000,0.014005000000
1516686524,10408.000000000000,0.047197180000
1516686529,10409.200000000000,0.007690190000
1516686529,10418.500000000000,0.023000000000
1516686529,10418.600000000000,0.119309810000
1516686538,10412.900000000000,0.050037550000
1516686550,10409.700000000000,0.092238740000
1516686550,10409.200000000000,0.008002380000
1516686552,10400.100000000000,0.099758880000
1516686563,10410.900000000000,0.010003510000
1516686590,10418.400000000000,0.004000000000
1516686590,10418.600000000000,0.005581670000
1516686590,10425.300000000000,0.004000000000
1516686590,10425.500000000000,0.148992620000
1516686590,10431.600000000000,0.046332650000
1516686590,10431.600000000000,0.004000000000
1516686590,10431.800000000000,0.362364130000
1516686590,10435.200000000000,0.800000000000
1516686590,10439.600000000000,0.045163830000
1516686590,10446.800000000000,0.009000000000
1516686590,10450.000000000000,0.062131060000
1516686590,10451.400000000000,0.007673670000
1516686590,10451.400000000000,0.007677810000
1516686590,10454.600000000000,0.004797050000
1516686590,10454.600000000000,0.004803030000
1516686590,10454.600000000000,0.004797600000
1516686590,10454.600000000000,0.004800070000
1516686590,10454.900000000000,3.500975810000
1516686591,10425.300000000000,0.004000000000
1516686599,10425.600000000000,0.120000000000
1516686602,10425.600000000000,0.008979940000
1516686603,10430.300000000000,0.010717190000
1516686605,10448.300000000000,0.011841750000
1516686606,10448.300000000000,0.001159250000
1516686607,10430.300000000000,0.044091170000
1516686608,10430.300000000000,0.000500000000
1516686608,10430.300000000000,0.015000000000
1516686609,10430.300000000000,0.019308000000
1516686610,10436.600000000000,0.003646130000
1516686610,10448.300000000000,0.003774430000
1516686611,10430.300000000000,0.434383640000
1516686611,10425.700000000000,0.023000000000
1516686611,10425.700000000000,0.719087780000
1516686612,10425.700000000000,0.200000000000
1516686618,10447.300000000000,0.011001000000
1516686618,10430.400000000000,0.016150260000
1516686618,10427.800000000000,0.022848740000
1516686618,10427.800000000000,0.011895000000
1516686618,10434.000000000000,0.010682260000
1516686622,10447.300000000000,0.003600000000
1516686622,10447.300000000000,0.006800000000
1516686622,10447.700000000000,0.023000000000
1516686622,10447.800000000000,0.020194030000
1516686623,10447.800000000000,0.070396010000
1516686623,10448.300000000000,0.010225570000
1516686623,10449.200000000000,0.119378420000
1516686624,10431.700000000000,0.003836800000
1516686624,10431.700000000000,0.007291360000
1516686642,10449.200000000000,0.006137550000
1516686642,10448.300000000000,0.013001000000
1516686642,10435.600000000000,0.151204220000
1516686655,10449.300000000000,0.050000000000
1516686655,10450.600000000000,0.035601470000
1516686666,10456.900000000000,0.030567520000
1516686668,10456.900000000000,0.030567520000
1516686668,10456.900000000000,0.030552610000
1516686669,10463.800000000000,0.002000000000
1516686673,10470.100000000000,0.034137020000
1516686677,10472.100000000000,0.012212450000
1516686677,10474.200000000000,0.004220620000
1516686678,10470.100000000000,0.002000000000
1516686688,10470.100000000000,0.000875070000
1516686688,10469.100000000000,0.011001000000
1516686688,10464.600000000000,0.488123930000
1516686699,10474.200000000000,0.003422670000
1516686714,10475.300000000000,0.021800000000
1516686723,10475.300000000000,0.007637010000
1516686724,10475.300000000000,0.004773130000
1516686724,10475.300000000000,0.028389860000
1516686741,10478.500000000000,0.000004000000
1516686741,10478.500000000000,0.012999000000
1516686741,10484.300000000000,0.015689030000
1516686741,10499.800000000000,0.160805740000
1516686741,10499.900000000000,0.001422230000
1516686755,10476.400000000000,0.123288880000
1516686756,10476.400000000000,0.078269510000
1516686756,10476.400000000000,0.028713130000
1516686756,10476.300000000000,0.021768440000
1516686759,10476.300000000000,0.127384200000
1516686759,10476.300000000000,0.025000000000
1516686763,10476.300000000000,0.113369850000
1516686763,10475.300000000000,0.011206700000
1516686763,10475.200000000000,0.004886080000
1516686764,10476.400000000000,0.026751620000
1516686765,10475.200000000000,0.002751010000
1516686765,10474.200000000000,0.007289750000
1516686766,10476.400000000000,0.041979050000
1516686766,10484.300000000000,0.004788570000
1516686766,10486.200000000000,0.006940560000
1516686767,10476.400000000000,0.006129070000
1516686770,10468.000000000000,2.393870930000
1516686770,10481.300000000000,0.728409070000
1516686773,10468.000000000000,0.009958590000
1516686775,10481.300000000000,0.300000000000
1516686775,10468.000000000000,0.010047130000
1516686776,10468.100000000000,0.011840130000
1516686776,10468.100000000000,0.011159870000
1516686776,10468.000000000000,0.008720000000
1516686777,10468.000000000000,0.005866410000
1516686779,10470.000000000000,0.026980710000
1516686781,10470.000000000000,0.010042180000
1516686782,10470.000000000000,0.026979730000
1516686783,10470.000000000000,0.027035920000
1516686783,10470.000000000000,0.004471460000
1516686786,10468.000000000000,0.015413170000
1516686793,10464.300000000000,0.004778150000
1516686795,10457.000000000000,0.026461880000
1516686795,10456.900000000000,0.001238120000
1516686796,10456.900000000000,0.010000000000
1516686798,10456.900000000000,0.056522340000
1516686798,10456.900000000000,0.010000000000
1516686799,10456.900000000000,0.029454000000
1516686803,10456.900000000000,0.050028070000
1516686805,10457.000000000000,0.027000000000
1516686805,10464.000000000000,0.023000000000
1516686805,10464.000000000000,0.026841370000
1516686806,10457.000000000000,0.004041000000
1516686807,10457.000000000000,0.003521100000
1516686809,10464.300000000000,0.016221850000
1516686811,10466.200000000000,0.007657800000
1516686811,10468.000000000000,0.001843640000
1516686811,10468.000000000000,0.025000000000
1516686813,10468.000000000000,0.108329960000
1516686817,10468.000000000000,0.040906230000
1516686830,10468.000000000000,0.018300000000
1516686830,10457.000000000000,0.019441220000
1516686830,10457.000000000000,0.026999870000
1516686830,10457.000000000000,0.027003320000
1516686830,10456.900000000000,0.089054120000
1516686835,10469.500000000000,0.004791470000
1516686835,10472.400000000000,0.004789820000
1516686835,10486.000000000000,0.009418710000
1516686844,10457.000000000000,0.023000000000
1516686844,10456.900000000000,0.005342880000
1516686847,10473.000000000000,0.010000000000
1516686856,10475.400000000000,0.025000000000
1516686883,10475.400000000000,0.007143240000
1516686884,10485.700000000000,0.023000000000
1516686884,10485.800000000000,0.024011200000
1516686884,10500.800000000000,0.209961660000
1516686886,10476.400000000000,0.007640520000
1516686886,10500.800000000000,0.002359480000
1516686897,10475.300000000000,0.049958790000
1516686897,10475.300000000000,0.050016620000
1516686903,10475.300000000000,0.049959600000
1516686909,10475.400000000000,0.003613320000
1516686909,10495.100000000000,0.183386680000
1516686911,10475.300000000000,0.050005750000
1516686913,10475.400000000000,0.023000000000
1516686913,10475.300000000000,0.026935620000
1516686918,10475.400000000000,0.016552300000
1516686918,10475.300000000000,0.033537160000
1516686919,10475.300000000000,0.100000000000
1516686920,10475.300000000000,0.049935620000
1516686924,10477.500000000000,0.023000000000
1516686924,10477.600000000000,0.039000000000
1516686934,10475.300000000000,0.010089580000
1516686936,10475.300000000000,0.015561260000
1516686936,10472.000000000000,0.034480490000
1516686938,10472.000000000000,0.050000000000
1516686939,10472.000000000000,0.015519510000
1516686949,10472.000000000000,0.034522240000
1516686949,10472.000000000000,0.050000000000
1516686949,10477.500000000000,0.015477760000
1516686953,10471.500000000000,0.125706480000
1516686954,10471.500000000000,0.003145140000
1516686964,10470.200000000000,0.007640730000
1516686975,10458.100000000000,0.011738600000
1516686992,10458.000000000000,0.011186450000
1516686998,10469.100000000000,0.011738600000
1516686998,10469.200000000000,0.013261400000
1516687002,10458.000000000000,0.081202660000
1516687002,10457.000000000000,0.350402350000
1516687002,10456.900000000000,0.009071340000
1516687002,10455.200000000000,0.039323650000
1516687003,10468.600000000000,0.076100790000
1516687004,10455.200000000000,0.011752300000
1516687005,10458.000000000000,0.013536900000
1516687009,10470.200000000000,0.000360570000
1516687009,10470.200000000000,0.008003720000
1516687009,10470.200000000000,0.024000000000
1516687009,10471.000000000000,0.038577600000
1516687016,10466.100000000000,0.023000000000
1516687016,10459.200000000000,0.061500000000
1516687036,10475.000000000000,0.011726500000
1516687037,10475.000000000000,0.009000000000
1516687044,10477.300000000000,1.230000000000
1516687044,10475.300000000000,0.025884800000
1516687044,10475.200000000000,1.911000000000
1516687044,10475.000000000000,0.103115200000
1516687046,10475.000000000000,0.005909300000
1516687047,10475.000000000000,0.003802720000
1516687048,10475.000000000000,0.007656850000
1516687048,10477.800000000000,0.003000000000
1516687049,10477.800000000000,0.020000000000
1516687049,10477.900000000000,0.007639800000
1516687049,10499.500000000000,0.072360200000
1516687049,10475.000000000000,0.007656860000
1516687050,10475.000000000000,0.007653070000
1516687051,10475.000000000000,0.038985340000
1516687066,10475.000000000000,0.050036540000
1516687073,10475.000000000000,0.050031530000
1516687075,10475.000000000000,0.050034700000
1516687076,10475.000000000000,0.018748010000
1516687077,10475.000000000000,0.018744930000
1516687080,10475.000000000000,0.018728540000
1516687080,10475.000000000000,0.018737420000
1516687081,10475.000000000000,0.018734670000
1516687082,10475.000000000000,0.018728540000
1516687087,10475.000000000000,0.180000000000
1516687090,10475.000000000000,0.025000000000
1516687094,10475.000000000000,0.050254640000
1516687096,10475.000000000000,0.050000000000
1516687126,10482.300000000000,0.180000000000
1516687165,10480.600000000000,0.012980000000
1516687172,10480.200000000000,0.008435860000
1516687173,10480.200000000000,0.008426580000
1516687177,10480.200000000000,0.003863120000
1516687177,10480.200000000000,0.003860250000
1516687179,10480.200000000000,0.003860560000
1516687179,10480.200000000000,0.003858830000
1516687181,10480.200000000000,0.003860600000
1516687187,10480.000000000000,0.047842480000
1516687187,10479.500000000000,0.007633950000
1516687187,10475.000000000000,0.407514640000
1516687187,10467.900000000000,0.072360200000
1516687187,10467.600000000000,0.016823640000
1516687187,10464.800000000000,0.995667570000
1516687195,10480.000000000000,0.050023140000
1516687196,10480.000000000000,0.040327040000
1516687197,10480.000000000000,0.128270500000
1516687199,10480.000000000000,0.080098930000
1516687203,10480.000000000000,0.050078140000
1516687207,10480.000000000000,0.031778880000
1516687213,10479.800000000000,0.009000000000
1516687213,10473.400000000000,0.009000000000
1516687221,10479.300000000000,0.016823640000
1516687221,10479.400000000000,0.027176360000
1516687222,10473.400000000000,0.010775050000
1516687234,10473.400000000000,0.057264320000
1516687246,10473.200000000000,0.030009410000
1516687248,10473.200000000000,0.049949630000
1516687251,10472.700000000000,0.207825510000
1516687254,10472.200000000000,0.030008150000
1516687254,10472.200000000000,0.050009930000
1516687255,10472.200000000000,0.049959910000
1516687258,10472.200000000000,0.050010730000
1516687259,10472.100000000000,0.049961320000
1516687260,10472.100000000000,0.168168460000
1516687263,10471.000000000000,0.050032150000
1516687264,10471.000000000000,0.049999040000
1516687265,10470.600000000000,0.007640440000
1516687279,10464.000000000000,0.003570600000
1516687291,10464.000000000000,0.001207690000
1516687310,10450.900000000000,0.010000000000
1516687314,10450.900000000000,0.010000000000
1516687317,10451.000000000000,0.049999180000
1516687319,10451.000000000000,0.007654770000
1516687320,10450.700000000000,0.028910540000
1516687321,10450.700000000000,0.063433450000
1516687325,10450.600000000000,0.258000000000
1516687325,10450.300000000000,0.048641250000
1516687325,10450.700000000000,0.001364360000
1516687326,10450.700000000000,0.050037800000
1516687327,10450.600000000000,0.007671920000
1516687327,10450.700000000000,0.042327840000
1516687327,10450.000000000000,0.125000000000
1516687327,10448.300000000000,0.013001000000
1516687327,10448.300000000000,0.013001000000
1516687327,10440.800000000000,0.016823640000
1516687327,10427.100000000000,0.168519370000
1516687327,10427.000000000000,0.187654990000
1516687328,10427.000000000000,0.092356610000
1516687333,10444.700000000000,0.050016810000
1516687333,10444.700000000000,0.049948250000
1516687337,10444.500000000000,0.012424510000
1516687340,10444.400000000000,0.010011810000
1516687343,10429.800000000000,0.007677780000
1516687348,10429.700000000000,0.007675360000
1516687348,10438.000000000000,0.042354390000
1516687350,10441.200000000000,0.004000270000
1516687351,10428.200000000000,0.010000000000
1516687352,10428.200000000000,0.013000000000
1516687353,10428.100000000000,0.002000000000
1516687353,10427.000000000000,0.008000000000
1516687354,10427.000000000000,0.010000000000
1516687357,10427.000000000000,0.001988400000
1516687357,10420.300000000000,0.008011600000
1516687363,10420.300000000000,0.038509440000
1516687364,10421.100000000000,0.007684580000
1516687364,10428.000000000000,0.023000000000
1516687364,10420.300000000000,0.010000000000
1516687373,10421.100000000000,0.007999690000
1516687373,10420.400000000000,0.099965060000
1516687373,10420.300000000000,0.030530720000
1516687376,10420.300000000000,0.010047090000
1516687377,10420.300000000000,0.007999730000
1516687377,10420.300000000000,0.008004030000
1516687377,10420.300000000000,0.008004030000
1516687384,10417.400000000000,0.002000000000
1516687387,10417.400000000000,0.028147430000
1516687390,10417.300000000000,0.002000000000
1516687390,10417.100000000000,0.070079820000
1516687394,10416.400000000000,0.011804260000
1516687394,10416.400000000000,0.019362540000
1516687395,10416.400000000000,0.010653090000
1516687395,10416.400000000000,0.011804260000
1516687396,10416.000000000000,0.010080250000
1516687396,10416.000000000000,0.011793670000
1516687397,10416.000000000000,0.160096230000
1516687397,10417.400000000000,0.092198620000
1516687397,10420.300000000000,0.327449650000
1516687397,10421.800000000000,0.007680860000
1516687397,10427.000000000000,0.800000000000
1516687397,10428.100000000000,0.025000000000
1516687397,10432.300000000000,0.026004910000
1516687397,10432.400000000000,0.220755390000
1516687397,10432.500000000000,0.004808960000
1516687397,10441.200000000000,0.336005380000
1516687397,10417.100000000000,0.296980070000
1516687397,10441.200000000000,0.227019930000
1516687397,10413.400000000000,0.009000000000
1516687398,10406.900000000000,0.022329640000
1516687398,10406.900000000000,0.010080640000
1516687399,10406.900000000000,0.010000000000
1516687399,10406.900000000000,0.003900000000
1516687400,10406.900000000000,0.011794760000
1516687400,10406.900000000000,0.050000000000
1516687400,10406.900000000000,0.050000000000
1516687400,10406.900000000000,0.011794760000
1516687400,10406.900000000000,0.003900000000
1516687400,10406.900000000000,0.010024180000
1516687402,10406.900000000000,0.003900000000
1516687402,10406.900000000000,0.003276020000
1516687403,10446.600000000000,0.025000000000
1516687404,10446.600000000000,0.003900000000
1516687414,10420.100000000000,0.004813510000
1516687415,10446.500000000000,0.005000000000
1516687417,10446.500000000000,0.010000000000
1516687418,10446.400000000000,0.003900000000
1516687419,10446.400000000000,0.012923640000
1516687419,10446.500000000000,0.006369340000
1516687419,10447.100000000000,0.030707020000
1516687419,10447.100000000000,0.007000000000
1516687420,10447.100000000000,0.050000000000
1516687420,10447.100000000000,0.003900000000
1516687421,10446.700000000000,0.003900000000
1516687421,10446.700000000000,0.005100000000
1516687421,10447.100000000000,0.044823000000
1516687422,10447.100000000000,0.003900000000
1516687422,10446.400000000000,0.003900000000
1516687423,10446.400000000000,0.050000000000
1516687423,10446.400000000000,0.050000000000
1516687424,10446.400000000000,0.010045390000
1516687424,10446.400000000000,0.003900000000
1516687425,10446.400000000000,0.010046060000
1516687425,10446.400000000000,0.010000000000
1516687425,10446.400000000000,0.003900000000
1516687426,10446.400000000000,0.010046060000
1516687427,10446.400000000000,0.010046060000
1516687428,10446.400000000000,0.003900000000
1516687428,10430.100000000000,0.023000000000
1516687428,10430.100000000000,0.050000000000
1516687428,10430.100000000000,0.050000000000
1516687428,10430.100000000000,0.010000000000
1516687429,10430.100000000000,0.003900000000
1516687429,10430.100000000000,0.055299000000
1516687429,10446.400000000000,0.034216430000
1516687429,10447.100000000000,0.266308720000
1516687430,10447.400000000000,0.010000000000
1516687431,10447.400000000000,0.003900000000
1516687432,10431.800000000000,0.003900000000
1516687432,10431.800000000000,0.003774500000
1516687432,10446.300000000000,0.006271560000
1516687432,10446.300000000000,0.016728440000
1516687432,10447.400000000000,0.033271560000
1516687433,10447.400000000000,0.050000000000
1516687433,10431.800000000000,0.008000000000
1516687433,10430.200000000000,0.032082510000
1516687433,10447.400000000000,0.003900000000
1516687434,10447.000000000000,0.003900000000
1516687435,10447.000000000000,0.003900000000
1516687435,10447.000000000000,0.004000000000
1516687437,10430.900000000000,0.050017150000
1516687437,10430.900000000000,0.000160020000
1516687437,10430.100000000000,0.009587640000
1516687451,10430.100000000000,0.150000000000
1516687451,10429.800000000000,0.007999200000
1516687458,10429.600000000000,0.030009530000
1516687472,10429.700000000000,0.011781060000
1516687473,10429.700000000000,0.169602740000
1516687473,10430.100000000000,0.010397260000
